% Disable IEEE style's behavior where it replaces identical author lists with a
% big line. This sort of called out where we're self-citing.
@IEEEtranBSTCTL{IEEEexample:BSTcontrol,
  CTLdash_repeated_names = "no",
  CTLuse_forced_etal = "yes"
}

@inproceedings{enerj,
 author = {Sampson, Adrian and Dietl, Werner and Fortuna, Emily and Gnanapragasam, Danushen and Ceze, Luis and Grossman, Dan},
 title = {{EnerJ}: Approximate data types for safe and general low-power computation},
 booktitle = {PLDI},
 year = {2011}
} 

@inproceedings{truffle,
 author = {Esmaeilzadeh, Hadi and Sampson, Adrian and Ceze, Luis and Burger, Doug},
 title = {Architecture support for disciplined approximate programming},
 booktitle = {ASPLOS},
 year = {2012},
} 

@inproceedings{nvheaps,
 author = {Coburn, Joel and Caulfield, Adrian M. and Akel, Ameen and Grupp, Laura M. and Gupta, Rajesh K. and Jhala, Ranjit and Swanson, Steven},
 title = {{NV}-Heaps: Making persistent objects fast and safe with next-generation, non-volatile memories},
 booktitle = {ASPLOS},
 year = {2011},
} 

@inproceedings{mnemosyne,
 author = {Volos, Haris and Tack, Andres Jaan and Swift, Michael M.},
 title = {Mnemosyne: Lightweight persistent memory},
 booktitle = {ASPLOS},
 year = {2011},
} 

@inproceedings{flikker,
 author = {Liu, Song and Pattabiraman, Karthik and Moscibroda, Thomas and Zorn, Benjamin G.},
 title = {Flikker: Saving {DRAM} refresh-power through critical data partitioning},
 booktitle = {ASPLOS},
 year = {2011},
} 

@inproceedings{ecp,
 author = {Schechter, Stuart and Loh, Gabriel H. and Strauss, Karin and Burger, Doug},
 title = {Use {ECP}, not {ECC}, for hard failures in resistive memories},
 booktitle = {ISCA},
 year = {2010},
} 

@ARTICLE{separability, 
author={van Zanten, A.J. and I Nengah Suparta}, 
journal={IEEE Transactions on Information Theory}, title={The separability of standard cyclic N-ary Gray codes}, 
year={2003}, 
volume={49}, 
number={2}, 
pages={485--487}, 
ISSN={0018-9448},}

@article{dpc,
 author = {Preparata, F. and Nievergelt, J.},
 title = {Difference-preserving codes},
 journal = {IEEE Trans. Inf. Theor.},
 issue_date = {September 1974},
 volume = {20},
 number = {5},
 year = {2006},
 issn = {0018-9448},
 pages = {643--649},
 numpages = {7},
 acmid = {2268733},
 publisher = {IEEE Press},
 address = {Piscataway, NJ, USA},
} 

@inproceedings{morphablepcm,
 author = {Qureshi, Moinuddin K. and Franceschini, Michele M. and Lastras-Monta\~{n}o, Luis A. and Karidis, John P.},
 title = {Morphable memory system: A robust architecture for exploiting multi-level phase change memories},
 booktitle = {ISCA},
 year = {2010},
} 

@ARTICLE{mlcflash, 
author={Takeuchi, K. and Tanaka, T. and Tanzawa, T.}, 
journal={IEEE Journal of Solid-State Circuits}, title={A multipage cell
    architecture for high-speed programming multilevel {NAND} flash memories}, 
year={1998}, 
volume={33}, 
number={8}, 
pages={1228 -1238}, 
ISSN={0018-9200},}

@ARTICLE{ispp, 
author={Suh, Kang-Deog and Suh, Byung-Hoon and Lim, Young-Ho and Kim, Jin-Ki and Choi, Young-Joon and Koh, Yong-Nam and Lee, Sung-Soo and Kwon, Suk-Chon and Choi, Byung-Soon and Yum, Jin-Sun and Choi, Jung-Hyuk and Kim, Jang-Rae and Lim, Hyung-Kyu}, 
journal={IEEE Journal of Solid-State Circuits},
title={A 3.3 {V} 32 {Mb} {NAND} flash memory with incremental step pulse programming scheme},
year={1995}, 
volume={30}, 
number={11}, 
pages={1149--1156}}

@inproceedings{fgcoupling, 
author={ Lee, Young-Taek and Kim, Euncheol and Lee, Jinwook and Choi, Sunmi and Lee, Seungjae and  Kim, Dong-Hwan and  Han, Wook-Kee and  Lim, Young-Ho and  Lee, Jae-Duk and  Choi, Jung-Dal and  Suh, Kang-Deog},
booktitle={ISSCC},
title={A 3.3 {V} 1{Gb} Multi-level {NAND} flash with non-uniform threshold voltage distribution},
year={2001}, 
}

@inproceedings{flash2bit, 
author={Zeng, R. and Chalagalla, N. and Chu, D. and Elmhurst, D. and Goldman, M. and Haid, C. and Huq, A. and Ichikawa, T. and Jorgensen, J. and Jungroth, O. and Kajla, N. and Kajley, R. and Kawai, K. and Kishimoto, J. and Madraswala, A. and Manabe, T. and Mehta, V. and Morooka, M. and Nguyen, K. and Oikawa, Y. and Pathak, B. and Rozman, R. and Ryan, T. and Sendrowski, A. and Sheung, W. and Szwarc, M. and Takashima, Y. and Tamada, S. and Tanzawa, T. and Tanaka, T. and Taub, M. and Udeshi, D. and Yamada, S. and Yokoyama, H.},
booktitle={ISSCC},
title={A 172mm$^2$ 32{Gb} {MLC} {NAND} flash memory in 34nm {CMOS}},
year={2009}, 
}

@inproceedings{flash3bit, 
author={Yan Li and Seungpil Lee and Oowada, K. and Hao Nguyen and Qui Nguyen and Mokhlesi, N. and Hsu, C. and Li, J. and Ramachandra, V. and Kamei, T. and Higashitani, M. and Pham, T. and Honma, M. and Watanabe, Y. and Ino, K. and Binh Le and Byungki Woo and Khin Htoo and Tai-Yuan Tseng and Pham, L. and Tsai, F. and Kwang-ho Kim and Yi-Chieh Chen and Min She and Jong Yuh and Chu, A. and Chen Chen and Puri, R. and Hung-Szu Lin and Yi-Fang Chen and Mak, W. and Huynh, J. and Jim Chan and Watanabe, M. and Yang, D. and Shah, G. and Souriraj, P. and Tadepalli, D. and Tenugu, S. and Gao, R. and Popuri, V. and Azarbayjani, B. and Madpur, R. and Lan, J. and Yero, E. and Feng Pan and Hong, P. and Jang Yong Kang and Moogat, F. and Yupin Fong and Cernea, R. and Huynh, S. and Trinh, C. and Mofidi, M. and Shrivastava, R. and Quader, K.},
booktitle={ISSCC},
title={128{Gb} 3b/cell {NAND} flash memory in 19nm technology with 18{MB/s} write rate and 400{Mb/s} toggle mode},
year={2012}, 
}

@unpublished{flash3bittalk, 
author={ Li, Yan},
note={talk at Flash Memory Summit},
title={3 bit per cell {NAND} flash memory on 19nm technology},
year={2012}, 
}

@inproceedings{threestep, 
author={Trinh, C. and Shibata, N. and Nakano, T. and Ogawa, M. and Sato, J. and Takeyama, Y. and Isobe, K. and Le, B. and Moogat, F. and Mokhlesi, N. and Kozakai, K. and Hong, P. and Kamei, T. and Iwasa, K. and Nakai, J. and Shimizu, T. and Honma, M. and Sakai, S. and Kawaai, T. and Hoshi, S. and Yuh, J. and Hsu, C. and Tseng, T. and Li, J. and Hu, J. and Liu, M. and Khalid, S. and Chen, J. and Watanabe, M. and Lin, H. and Yang, J. and McKay, K. and Nguyen, K. and Pham, T. and Matsuda, Y. and Nakamura, K. and Kanebako, K. and Yoshikawa, S. and Igarashi, W. and Inoue, A. and Takahashi, T. and Komatsu, Y. and Suzuki, C. and Kanazawa, K. and Higashitani, M. and Lee, S. and Murai, T. and Nguyen, K. and Lan, J. and Huynh, S. and Murin, M. and Shlick, M. and Lasser, M. and Cernea, R. and Mofidi, M. and Schuegraf, K. and Quader, K.},
booktitle={ISSCC},
title={A 5.6{MB/s} 64{Gb} 4b/cell {NAND} flash memory in 43nm {CMOS}},
year={2009}, 
}

@unpublished{threesteptalk, 
author={ Trinh, C.},
note={Talk at ISSCC},
title={A 7.8{MB/s} 64{Gb} 4b/cell {NAND} flash memory in 43nm {CMOS}},
year={2009}}

@INPROCEEDINGS{writecancel, 
author={Qureshi, M. K. and Franceschini, M. M. and Lastras-Montano, L. A.}, 
booktitle={HPCA},
title={Improving read performance of Phase Change Memories via Write Cancellation and Write Pausing}, 
year={2010}, 
}

@inproceedings{improvingwrites,
 author = {Jiang, Lei and Zhao, Bo and Zhang, Youtao and Yang, Jun and Childers, Bruce R.},
 title = {Improving write operations in {MLC} phase change memory},
 booktitle = {HPCA},
 year = {2012},
} 

@INPROCEEDINGS{flasherrors, 
author={Yu Cai and Haratsch, E.F. and Mutlu, O. and Ken Mai}, 
booktitle={DATE},
title={Error patterns in {MLC} {NAND} flash memory: Measurement, characterization, and analysis}, 
year={2012}, 
}

@inproceedings{wdddmlcpcm,
    author={Sungkap Yeo and Nak Hee Seong and Hsien-Hsin S. Lee},
    title={Can Multi-Level Cell {PCM} Be Reliable and Usable? {A}nalyzing the
        Impact of Resistance Drift},
    booktitle={Workshop on Duplicating, Deconstructing and Debunking},
    year={2012},
}

@article{mlcmodelchar,
  title={Multilevel Phase Change Memory Modeling and Experimental Characterization},
  author={Pantazi, A. and Sebastian, A. and Papandreou, N. and Breitwisch, MJ and Lam, C. and Pozidis, H. and Eleftheriou, E.},
  journal={EPCOS},
  year={2009}
}

@INPROCEEDINGS{mlcprogalgo, 
author={Papandreou, N. and Pozidis, H. and Pantazi, A. and Sebastian, A. and Breitwisch, M. and Lam, C. and Eleftheriou, E.}, 
booktitle={ISCAS},
title={Programming algorithms for multilevel phase-change memory}, 
year={2011}, 
volume={}, 
number={}, 
pages={329--332}, 
}

@INPROCEEDINGS{mlcibm, 
author={Papandreou, N. and Pantazi, A. and Sebastian, A. and Breitwisch, M. and Lam, C. and Pozidis, H. and Eleftheriou, E.}, 
booktitle={IEEE International Conference on Electronics, Circuits, and Systems},
title={Multilevel phase-change memory}, 
year={2010}, 
}

@ARTICLE{partialreset, 
author={Braga, S. and Sanasi, A. and Cabrini, A. and Torelli, G.}, 
journal={IEEE Transactions on Electron Devices}, 
title={Voltage-Driven Partial-{RESET} Multilevel Programming in Phase-Change Memories}, 
year={2010}, 
volume={57}, 
number={10}, 
pages={2556--2563}, 
}

@INPROCEEDINGS{mlcwritestrategies, 
author={Nirschl, T. and Phipp, J.B. and Happ, T.D. and Burr, G.W. and Rajendran, B. and Lee, M.-H. and Schrott, A. and Yang, M. and Breitwisch, M. and Chen, C.-F. and Joseph, E. and Lamorey, M. and Cheek, R. and Chen, S.-H. and Zaidi, S. and Raoux, S. and Chen, Y.C. and Zhu, Y. and Bergmann, R. and Lung, H.-L. and Lam, C.}, 
title={Write Strategies for 2 and 4-bit Multi-Level Phase-Change Memory},
booktitle={IEDM},
year={2007}, 
}

@INPROCEEDINGS{mlcpcmreliability, 
author={Pozidis, H. and Papandreou, N. and Sebastian, A. and Mittelholzer, T. and BrightSky, M. and Lam, C. and Eleftheriou, E.}, 
booktitle={IEEE International Memory Workshop},
title={A Framework for Reliability Assessment in Multilevel Phase-Change Memory}, 
year={2012}, 
ISSN={},
}

@INPROCEEDINGS{drifttolerant, 
author={Papandreou, N. and Pozidis, H. and Mittelholzer, T. and Close, G.F. and Breitwisch, M. and Lam, C. and Eleftheriou, E.}, 
booktitle={IEEE International Memory Workshop},
title={Drift-Tolerant Multilevel Phase-Change Memory}, 
year={2011}, 
ISSN={},
}

@INPROCEEDINGS{flasherror, 
author={Mielke, N. and Marquart, T. and Ning Wu and Kessenich, J. and Belgal, H. and Schares, E. and Trivedi, F. and Goodness, E. and Nevill, L.R.}, 
booktitle={International Reliability Physics Symposium},
title={Bit error rate in {NAND} Flash memories}, 
year={2008}, 
ISSN={},}

@inproceedings{dramerror,
 author = {Schroeder, Bianca and Pinheiro, Eduardo and Weber, Wolf-Dietrich},
 title = {{DRAM} errors in the wild: A large-scale field study},
 booktitle = {SIGMETRICS},
 year = {2009},
} 

@inproceedings{green,
    Author = {Baek, Woongki and Chilimbi, Trishul M.},
    Booktitle = {PLDI},
    Title = {Green: A framework for supporting energy-conscious programming using controlled approximation},
    Year = {2010}
}

@INPROCEEDINGS{relax,
  author = {de Kruijf, Marc and Nomura, Shuou and Sankaralingam, Karthikeyan},
  title = {Relax: An architectural framework for software recovery of hardware
    faults},
  booktitle = {ISCA},
  year = {2010},
}

@inproceedings{npu,
    author = {Hadi Esmaeilzadeh and Adrian Sampson and Luis Ceze and
                  Doug Burger},
    title = {Neural Acceleration for General-Purpose Approximate Programs},
    booktitle = {MICRO},
    year = {2012},
}

@inproceedings{pcmos,
 author = {Chakrapani, Lakshmi N. and Akgul, Bilge E. S. and Cheemalavagu, Suresh and Korkmaz, Pinar and Palem, Krishna V. and Seshasayee, Balasubramanian},
 title = {Ultra-efficient (embedded) {SOC} architectures based on probabilistic
     {CMOS} ({PCMOS}) technology},
 booktitle = {DATE},
 year = {2006},
}

@inproceedings{qosprof,
    Author = {Sasa Misailovic and Stelios Sidiroglou and Hank Hoffman and Martin Rinard},
    Booktitle = {ICSE},
    Title = {Quality of Service Profiling},
    Year = {2010}
}

@inproceedings{perforation,
 author = {Sidiroglou-Douskos, Stelios and Misailovic, Sasa and Hoffmann, Henry and Rinard, Martin},
 title = {Managing performance vs. accuracy trade-offs with loop perforation},
 booktitle = {FSE},
 year = {2011},
} 

@inproceedings{stochasticproc,
    author = {Narayanan, Sriram and Sartori, John and Kumar, Rakesh and Jones, Douglas L.},
    title = {Scalable stochastic processors},
    booktitle = {DATE},
    year = {2010},
} 

@INPROCEEDINGS{ersa,
  author = {Leem, Larkhoon and Cho, Hyungmin and Bau, Jason and Jacobson, Quinn
    A. and Mitra, Subhasish},
  title = {{ERSA}: Error resilient system architecture for probabilistic applications},
  booktitle = {DATE},
  year = {2010},
}

@inproceedings{pcm-dram-alt,
 author = {Lee, Benjamin C. and Ipek, Engin and Mutlu, Onur and Burger, Doug},
 title = {Architecting phase change memory as a scalable {DRAM} alternative},
 booktitle = {ISCA},
 year = {2009},
} 

@INPROCEEDINGS{razor,
  author = {Ernst, D. and Nam Sung Kim and Das, S. and Pant, S. and Rao, R. and
    Toan Pham and Ziesler, C. and Blaauw, D. and Austin, T. and Flautner,
    K. and Mudge, T.},
  title = {Razor: A low-power pipeline based on circuit-level timing speculation},
  booktitle = {MICRO},
  year = {2003},
}

@inproceedings{flash-retention-relax,
    author = {Ren-Shuo Liu and Chia-Lin Yang and Wei Wu},
    title = {Optimizing {NAND} Flash-Based {SSD}s via Retention Relaxation},
    booktitle = {FAST},
    year = {2012},
}

@inproceedings{durable-pcm-mm,
 author = {Zhou, Ping and Zhao, Bo and Yang, Jun and Zhang, Youtao},
 title = {A durable and energy efficient main memory using phase change memory technology},
 booktitle = {ISCA},
 year = {2009},
} 

@inproceedings{drm,
 author = {Ipek, Engin and Condit, Jeremy and Nightingale, Edmund B. and Burger, Doug and Moscibroda, Thomas},
 title = {Dynamically replicated memory: Building reliable systems from nanoscale resistive memories},
 booktitle = {ASPLOS},
 year = {2010},
}

@inproceedings{qureshi-pcm-mm,
 author = {Qureshi, Moinuddin K. and Srinivasan, Vijayalakshmi and Rivers, Jude A.},
 title = {Scalable high performance main memory system using phase-change memory technology},
 booktitle = {ISCA},
 year = {2009},
} 

@inproceedings{carbin_pldi12,
title = "Reasoning about Relaxed Programs",
author = {Michael Carbin and Deokhwan Kim and Sasa Misailovic and Martin C. Rinard},
booktitle = {PLDI},
year = 2012,
}

@inproceedings{dynamicknobs,
 author = {Hoffmann, Henry and Sidiroglou, Stelios and Carbin, Michael and Misailovic, Sasa and Agarwal, Anant and Rinard, Martin},
 title = {Dynamic knobs for responsive power-aware computing},
 booktitle = {ASPLOS},
 year = {2011},
} 

@inproceedings{sramerrors,
 author = {Kumar, Animesh and Rabaey, Jan and Ramchandran, Kannan},
 title = {{SRAM} supply voltage scaling: A reliability perspective},
 booktitle = {International Symposium on Quality of Electronic Design},
 year = {2009},
} 

@ARTICLE{hybridsram, 
author={Ik Joon Chang and Mohapatra, D. and Roy, K.}, 
journal={IEEE Transactions on Circuits and Systems for Video Technology},
title={A Priority-Based {6T}/{8T} Hybrid {SRAM} Architecture for Aggressive Voltage Scaling in Video Applications}, 
year={2011}, 
volume={21}, 
number={2}, 
pages={101--112}, 
}

@inproceedings{halfwits,
 author = {Salajegheh, Mastooreh and Wang, Yue and Fu, Kevin and Jiang, Anxiao and Learned-Miller, Erik},
 title = {Exploiting half-wits: Smarter storage for low-power devices},
 booktitle = {FAST},
 year = {2011},
} 

@inproceedings{adams,
 author = {Dong, Xiangyu and Xie, Yuan},
 title = {{AdaMS}: Adaptive {MLC}/{SLC} phase-change memory design for file storage},
 booktitle = {Asia and South Pacific Design Automation Conference},
 year = {2011},
} 

@misc{ucimlrepo,
    author = "K. Bache and M. Lichman",
    year = "2013",
    title = "{UCI} Machine Learning Repository",
    url = "http://archive.ics.uci.edu/ml",
    institution = "University of California, Irvine, School of Information and Computer Sciences"
}

@inproceedings{powerfade,
    author = {Hung-Wei Tseng and Laura M. Grupp and Steven Swanson},
    title = {Underpowering {NAND} Flash: Profits and Perils},
    booktitle = {DAC},
    year = 2013,
}

@inproceedings{powertokens,
 author = {Hay, Andrew and Strauss, Karin and Sherwood, Timothy and Loh, Gabriel H. and Burger, Doug},
 title = {Preventing {PCM} banks from seizing too much power},
 booktitle = {MICRO},
 year = {2011},
} 

@INPROCEEDINGS{safer, 
author={Nak Hee Seong and Dong Hyuk Woo and Srinivasan, V. and Rivers, J.A. and Lee, H.-H.S.}, 
booktitle={MICRO}, 
title={{SAFER}: Stuck-At-Fault Error Recovery for Memories}, 
year={2010}, 
}

@inproceedings{payg,
 author = {Qureshi, Moinuddin K.},
 title = {Pay-As-You-Go: low-overhead hard-error correction for phase change memories},
 booktitle = {MICRO},
 year = {2011},
} 

@inproceedings{zombie,
    author = {Rodolfo Jardim de Azevedo and John D. Davis and Karin Strauss
        and Parikshit Gopalan and Mark Manasse and Sergey Yekhanin},
    title = {Zombie: Extending Memory Lifetime by Reviving Dead Blocks},
    booktitle = {ISCA},
    year = {2013},
}

@inproceedings{moneta,
 author = {Caulfield, Adrian M. and De, Arup and Coburn, Joel and Mollow, Todor I. and Gupta, Rajesh K. and Swanson, Steven},
 title = {Moneta: A High-Performance Storage Array Architecture for Next-Generation, Non-volatile Memories},
 booktitle = {MICRO},
 year = {2010},
} 

@inproceedings{rely,
    author = {Michael Carbin and Sasa Misailovic and and Martin C. Rinard},
    title = {Verifying Quantitative Reliability for Programs that Execute on
        Unreliable Hardware},
    booktitle = {OOPSLA},
    year = {2013},
}

@inproceedings{holcomb-wacas,
    title = {{QBF}-Based Synthesis of Optimal Word-Splitting in Approximate Multi-Level Storage Cells},
    author = {Daniel E. Holcomb and Kevin Fu},
    booktitle = {Workshop on Approximate Computing Across the System Stack
        (WACAS)},
    year = {2014},
}

@inproceedings{approxstorage,
 author = {Sampson, Adrian and Nelson, Jacob and Strauss, Karin and Ceze, Luis},
 title = {Approximate Storage in Solid-state Memories},
 booktitle = {MICRO},
 year = {2013},
} 

@inproceedings{mempersistency,
    author = {Steven Pelley and Peter M. Chen and Thomas F. Wenisch},
    title = {Memory Persistency},
    booktitle = {ISCA},
    year = {2014},
}

@inproceedings{optfs,
    author = {Vijay Chidambaram and Thanumalayan Sankaranarayana Pillai and
        Andrea C. Arpaci-Dusseau and Remzi H. Arpaci-Dusseau},
    title = {Optimistic Crash Consistency},
    booktitle = {SOSP},
    year = {2013},
}

@inproceedings{diskmttf,
 author = {Schroeder, Bianca and Gibson, Garth A.},
 title = {Disk Failures in the Real World: What Does an MTTF of 1,000,000 Hours Mean to You?},
 booktitle = {FAST},
 year = {2007},
} 

@inproceedings{googledisk,
 author = {Pinheiro, Eduardo and Weber, Wolf-Dietrich and Barroso, Luiz Andr{\'e}},
 title = {Failure Trends in a Large Disk Drive Population},
 booktitle = {FAST},
 year = {2007},
}
