@inproceedings{enerj,
 author = {Sampson, Adrian and Dietl, Werner and Fortuna, Emily and Gnanapragasam, Danushen and Ceze, Luis and Grossman, Dan},
 title = {{EnerJ}: approximate data types for safe and general low-power computation},
 booktitle = {PLDI},
 year = {2011}
}

@inproceedings{truffle,
 author = {Esmaeilzadeh, Hadi and Sampson, Adrian and Ceze, Luis and Burger, Doug},
 title = {Architecture support for disciplined approximate programming},
 booktitle = {ASPLOS},
 year = {2012}
}

@inproceedings{npu,
 author = {Esmaeilzadeh, Hadi and Sampson, Adrian and Ceze, Luis and Burger, Doug},
 title = {Neural acceleration for general-purpose approximate programs},
 booktitle = {MICRO},
 year = {2012}
}

@inproceedings{perforation,
 author = {Sidiroglou-Douskos, Stelios and Misailovic, Sasa and Hoffmann, Henry and Rinard, Martin},
 title = {Managing performance vs. accuracy trade-offs with loop perforation},
 booktitle = {FSE},
 year = {2011},
}

@inproceedings{darksilicon,
 author = {Esmaeilzadeh, Hadi and Blem, Emily and St. Amant, Renee and Sankaralingam, Karthikeyan and Burger, Doug},
 title = {Dark silicon and the end of multicore scaling},
 booktitle = {ISCA},
 year = {2011},
}

@inproceedings{pcmos,
 author = {Chakrapani, Lakshmi N. and Akgul, Bilge E. S. and Cheemalavagu, Suresh and Korkmaz, Pinar and Palem, Krishna V. and Seshasayee, Balasubramanian},
 title = {Ultra-efficient (embedded) {SOC} architectures based on probabilistic
     {CMOS} ({PCMOS}) technology},
 booktitle = {DATE},
 year = {2006},
}

@inproceedings{green,
    Author = {Baek, Woongki and Chilimbi, Trishul M.},
    Booktitle = {PLDI},
    Title = {Green: A framework for supporting energy-conscious programming using controlled approximation},
    Year = {2010}
}

@inproceedings{qosprof,
    Author = {Sasa Misailovic and Stelios Sidiroglou and Hank Hoffman and Martin Rinard},
    Booktitle = {ICSE},
    Title = {Quality of Service Profiling},
    Year = {2010}
}

@inproceedings{chisel,
  author = {Bachrach, Jonathan and Vo, Huy and Richards, Brian and Lee, Yunsup
      and Waterman, Andrew and Avizienis, Rimas and Wawrzynek, John and
          Asanovi\'c, Krste},
  title = {Chisel: constructing hardware in a {Scala} embedded language},
  booktitle = {DAC},
  year = {2012},
}

@inproceedings{bluespec,
	author={Nikhil, R.},
	title={{Bluespec System Verilog}: efficient, correct {RTL} from high level specifications},
	booktitle={MEMOCODE},
	year={2004},
}

@techreport{opencl,
     title = {Implementing {FPGA} Design with the {OpenCL} Standard},
     year = {2011},
     institution = {Altera Corporation},
     month = {11}
}

@inproceedings{wong-selse06,
    Author = {Vicky Wong and Mark Horowitz},
    Booktitle = {SELSE},
    Title = {Soft Error Resilience of Probabilistic Inference Applications},
    Year = {2006}}

@inproceedings{softcomputing,
    Author = {Xuanhua Li and Donald Yeung},
    Booktitle = {ASGI},
    Title = {Exploiting soft computing for increased fault tolerance},
    Year = {2006}}

@article{li08,
    author = {Xuanhua Li and Donald Yeung},
    title = {Exploiting Application-Level Correctness for Low-Cost Fault Tolerance},
    year = {2008},
    journal = {Journal of Instruction-Level Parallelism},
    url={http://www.jilp.org/vol10/v10paper10.pdf}
}

@INPROCEEDINGS{li07,
    author = {Li, Xuanhua and Yeung, Donald},
    title = {Application-Level Correctness and its Impact on Fault Tolerance},
    booktitle = {HPCA},
    year = {2007},
    url={http://dx.doi.org/10.1109/HPCA.2007.346196}
}

@INPROCEEDINGS{li06,
    author = {Xuanhua Li and Donald Yeung},
    title = {Exploiting soft computing for increased fault tolerance},
    booktitle = {ASGI},
    year = {2006},
    url={http://citeseerx.ist.psu.edu/viewdoc/summary?doi=10.1.1.78.2997}
}

@inproceedings{stanleymarbell,
    Author = {Stanley-Marbell, Phillip},
    Booktitle = {ITW},
    Title = {Encoding Efficiency of Digital Number Representations under Deviation Constraints},
    Year = {2009}}

@inproceedings{stochasticproc,
    author = {Narayanan, Sriram and Sartori, John and Kumar, Rakesh and Jones, Douglas L.},
    title = {Scalable stochastic processors},
    booktitle = {DATE},
    year = {2010},
}

@article{pcmos-cacm,
 author = {Anthes, Gary},
 title = {Inexact design: beyond fault-tolerance},
 journal = {Communications of the ACM},
 issue_date = {April 2013},
 volume = {56},
 number = {4},
 month = Apr,
 year = {2013},
 pages = {18--20},
}

@article{batesmit,
    author={Larry Hardesty},
    title={The surprising usefulness of sloppy arithmetic},
    journal={MIT News},
    day={3},
    month={Jan},
    year={2011},
    note={\url{http://web.mit.edu/newsoffice/2010/fuzzy-logic-0103.html}},
}

@inproceedings{lyric,
 author = {Vigoda, Benjamin and Reynolds, David and Bernstein, Jeffrey and Weber, Theophane and Bradley, Bill},
 title = {Low power logic for statistical inference},
 booktitle = {ISPLED},
 year = {2010},
}

@INPROCEEDINGS{smpmup2006,
    author = {Phillip Stanley-Marbell and Diana Marculescu},
    title = {A Programming Model and Language Implementation for Concurrent FailureProne Hardware},
    booktitle = {PMUP},
    year = {2006},
    url={http://citeseerx.ist.psu.edu/viewdoc/summary?doi=10.1.1.121.9864}
}

@inproceedings{palem-adders,
 author = {Kedem, Zvi M. and Mooney, Vincent J. and Muntimadugu, Kirthi Krishna and Palem, Krishna V.},
 title = {An approach to energy-error tradeoffs in approximate ripple carry adders},
 booktitle = {ISPLED},
 year = {2011},
}

@inproceedings{palem-dac-position,
 author = {Palem, Krishna and Lingamneni, Avinash},
 title = {What to do about the end of Moore's law, probably!},
 booktitle = {DAC},
 year = {2012},
}

@inproceedings{palem-arcs,
  author    = {Andreas Heinig and
               Vincent John Mooney and
               Florian Schmoll and
               Peter Marwedel and
               Krishna V. Palem and
               Michael Engel},
  title     = {Classification-Based Improvement of Application Robustness
               and Quality of Service in Probabilistic Computer Systems},
  booktitle = {ARCS},
  year      = {2012},
}

@inproceedings{freton,
    title={A Fault Criticality Evaluation Framework of Digital Systems for Error
        Tolerant Video Applications},
    author={Yuntan Fang and Huawei Li and Xiaowei Li},
    year={2011},
    booktitle={ATS},
}

@INPROCEEDINGS{robustification,
author={Sloan, J. and Kesler, D. and Kumar, R. and Rahimi, A.},
booktitle={DSN},
title={A numerical optimization-based methodology for application robustification: Transforming applications for error tolerance},
year={2010},
}

@inproceedings{besteffort,
 author = {Jiayuan Meng and Chakradhar, Srimat and Raghunathan, Anand},
 title = {Best-effort parallel execution framework for Recognition and mining applications},
 booktitle = {IEEE International Symposium on Parallel \& Distributed Processing},
 year = {2009},
}

@inproceedings{sjava,
 author = {Eom, Yong hun and Demsky, Brian},
 title = {Self-stabilizing {Java}},
 booktitle = {PLDI},
 year = {2012},
}

@inproceedings{cong-iccad,
  author    = {Jason Cong and
               Karthik Gururaj},
  title     = {Assuring application-level correctness against soft errors},
  booktitle = {ICCAD},
  year      = {2011},
}

@inproceedings{wreft,
 author = {Sundaram, Ayswarya and Aakel, Ameen and Lockhart, Derek and Thaker, Darshan and Franklin, Diana},
 title = {Efficient fault tolerance in multi-media applications through selective instruction replication},
 booktitle = {Workshop on Radiation Effects and Fault Tolerance in Nanometer Technologies},
 year = {2008},
}

@article{yeh,
 author = {Yeh, Thomas Y. and Reinman, Glenn and Patel, Sanjay J. and Faloutsos, Petros},
 title = {Fool me twice: Exploring and exploiting error tolerance in physics-based animation},
 journal = {ACM Trans. Graph.},
 issue_date = {December 2009},
 volume = {29},
 number = {1},
 month = dec,
 year = {2009},
 issn = {0730-0301},
 pages = {5:1--5:11},
 articleno = {5},
 numpages = {11},
 url = {http://doi.acm.org/10.1145/1640443.1640448},
 doi = {10.1145/1640443.1640448},
 acmid = {1640448},
 publisher = {ACM},
 address = {New York, NY, USA},
}

@inproceedings{li-asplos08,
 author = {Li, Man-Lap and Ramachandran, Pradeep and Sahoo, Swarup Kumar and Adve, Sarita V. and Adve, Vikram S. and Zhou, Yuanyuan},
 title = {Understanding the propagation of hard errors to software and implications for resilient system design},
 booktitle = {ASPLOS},
 year = {2008},
}

@inproceedings{thaker-iiswc06,
  author    = {Darshan D. Thaker and
               Diana Franklin and
               John Oliver and
               Susmit Biswas and
               Derek Lockhart and
               Tzvetan S. Metodi and
               Frederic T. Chong},
  title     = {Characterization of Error-Tolerant Applications when Protecting
               Control Data},
  booktitle = {IISWC},
  year      = {2006},
}

@inproceedings{breuer,
 author = {Breuer, Melvin A.},
 title = {Multi-media Applications and Imprecise Computation},
 booktitle = {Euromicro Conference on Digital System Design},
 year = {2005},
}

@inproceedings{softcast,
 author = {Jakubczak, Szymon and Katabi, Dina},
 title = {SoftCast: clean-slate scalable wireless video},
 booktitle = {ACM Workshop on Wireless of the Students, by the Students, for the Students},
 year = {2010},
}

@inproceedings{luo-globecom,
  author    = {Chong Luo and
               Jun Sun and
               Feng Wu},
  title     = {Compressive Network Coding for Approximate Sensor Data Gathering},
  booktitle = {GLOBECOM},
  year      = {2011},
}

@ARTICLE{hybrid-sram,
author={Ik Joon Chang and Mohapatra, D. and Roy, K.},
journal={IEEE Trans. Circuits and Systems for Video Technology},
title={A Priority-Based 6T/8T Hybrid SRAM Architecture for Aggressive Voltage Scaling in Video Applications},
year={2011},
volume={21},
number={2},
pages={101-112},
}

@INPROCEEDINGS{impact,
author={Gupta, V. and Mohapatra, D. and Sang Phill Park and Raghunathan, A. and Roy, K.},
booktitle={ISPLED},
title={IMPACT: IMPrecise adders for low-power approximate computing},
year={2011},
}

@article{unequal-protection,
 author = {Karakonstantis, Georgios and Mohapatra, Debabrata and Roy, Kaushik},
 title = {Logic and Memory Design Based on Unequal Error Protection for Voltage-scalable, Robust and Adaptive DSP Systems},
 journal = {J. Signal Process. Syst.},
 volume = {68},
 number = {3},
 month = sep,
 year = {2012},
 pages = {415--431},
}

@INPROCEEDINGS{scalable-effort-hardware,
author={Chippa, V.K. and Mohapatra, D. and Raghunathan, A. and Roy, K. and Chakradhar, S.T.},
booktitle={DAC},
title={Scalable effort hardware design: Exploiting algorithmic resilience for energy efficiency},
year={2010},
}

@techreport{efc,
    author={Sourya Roy and Tyler Clemons and S M Faisal and Ke Liu and Nikos
        Hardavellas and Srinivasan Parthasarathy},
    title = {Elastic Fidelity: Trading-off Computational Accuracy for Energy
        Reduction},
    institution = {Northwestern University},
    number = {NWU-EECS-11-02},
}

@inproceedings{liu87,
  author    = {Kwei-Jay Lin and
               Swaminathan Natarajan and
               Jane W.-S. Liu},
  title     = {Imprecise Results: Utilizing Partial Computations in Real-Time
               Systems},
  booktitle = {RTSS},
  year      = {1987},
}

@ARTICLE{chung90,
author={Chung, J. -Y and Liu, J. W -S and Kwei-Jay Lin},
journal={IEEE Trans. Comput.},
title={Scheduling periodic jobs that allow imprecise results},
year={1990},
volume={39},
number={9},
pages={1156-1174},
}

@INPROCEEDINGS{dekruijf-icpp,
author={Chen-Han Ho and de Kruijf, M. and Sankaralingam, K. and Rountree, B. and Schulz, M. and De Supinski, B.R.},
booktitle={ICPP},
title={Mechanisms and Evaluation of Cross-Layer Fault-Tolerance for Supercomputing},
year={2012},
}

@INPROCEEDINGS{accuracy-tradeoff-survey,
author={Chunbai Yang and Changjiang Jia and Chan, W.K. and Yu, Y.T.},
booktitle={APSEC},
title={On Accuracy-Performance Tradeoff Frameworks for Energy Saving: Models and Review},
year={2012},
}

@inproceedings{lossysynthesis,
 author = {Boland, David and Constantinides, George A.},
 title = {A scalable approach for automated precision analysis},
 booktitle = {FPGA},
 year = {2012},
}

@inproceedings{martonosi-date,
    author = {Yavuz Yetim and Margaret Martonosi and Sharad Malik},
    title = {Extracting Useful Computation From Error-Prone Processors For
        Streaming Applications},
    booktitle = {DATE},
    year = {2013},
}

@inproceedings{carbin-pepm,
  author    = {Michael Carbin and
               Deokhwan Kim and
               Sasa Misailovic and
               Martin C. Rinard},
  title     = {Verified integrity properties for safe approximate program
               transformations},
  booktitle = {PEPM},
  year      = {2013},
}

@inproceedings{carbin-pldi,
  author    = {Michael Carbin and
               Deokhwan Kim and
               Sasa Misailovic and
               Martin C. Rinard},
  title     = {Proving acceptability properties of relaxed nondeterministic
               approximate programs},
  booktitle = {PLDI},
  year      = {2012},
}

@inproceedings{zhu-popl12,
  author    = {Zeyuan Allen Zhu and
               Sasa Misailovic and
               Jonathan A. Kelner and
               Martin C. Rinard},
  title     = {Randomized accuracy-aware program transformations for efficient
               approximate computations},
  booktitle = {POPL},
  year      = {2012},
}

@inproceedings{dynamicknobs,
  author    = {Henry Hoffmann and
               Stelios Sidiroglou and
               Michael Carbin and
               Sasa Misailovic and
               Anant Agarwal and
               Martin C. Rinard},
  title     = {Dynamic knobs for responsive power-aware computing},
  booktitle = {ASPLOS},
  year      = {2011},
}

@inproceedings{sasa-sas11,
  author    = {Sasa Misailovic and
               Daniel M. Roy and
               Martin C. Rinard},
  title     = {Probabilistically Accurate Program Transformations},
  booktitle = {SAS},
  year      = {2011},
}

@inproceedings{perforation-fse,
  author    = {Stelios Sidiroglou-Douskos and
               Sasa Misailovic and
               Henry Hoffmann and
               Martin C. Rinard},
  title     = {Managing performance vs. accuracy trade-offs with loop perforation},
  booktitle = {FSE},
  year      = {2011},
}

@inproceedings{foc-osdi,
  author    = {Martin C. Rinard and
               Cristian Cadar and
               Daniel Dumitran and
               Daniel M. Roy and
               Tudor Leu and
               William S. Beebee},
  title     = {Enhancing Server Availability and Security Through Failure-Oblivious
               Computing},
  booktitle = {OSDI},
  year      = {2004},
}

@inproceedings{foc-ics,
 author = {Rinard, Martin},
 title = {Probabilistic accuracy bounds for fault-tolerant computations that discard tasks},
 booktitle = {ICS},
 year = {2006},
}

@INPROCEEDINGS{razor,
  author = {Ernst, D. and Nam Sung Kim and Das, S. and Pant, S. and Rao, R. and
    Toan Pham and Ziesler, C. and Blaauw, D. and Austin, T. and Flautner,
    K. and Mudge, T.},
  title = {Razor: A low-power pipeline based on circuit-level timing speculation},
  booktitle = {MICRO},
  year = {2003},
}

@inproceedings{ant,
 author = {Hegde, Rajamohana and Shanbhag, Naresh R.},
 title = {Energy-efficient signal processing via algorithmic noise-tolerance},
 booktitle = {ISLPED},
 year = {1999},
}

@INPROCEEDINGS{kumarhpca,
  author = {Kahng, A.B. and Seokhyeong Kang and Kumar, R. and Sartori, J.},
  title = {Designing a processor from the ground up to allow voltage/reliability
    tradeoffs},
  booktitle = {HPCA},
  year = {2010},
}

@INPROCEEDINGS{ersa,
  author = {Leem, Larkhoon and Cho, Hyungmin and Bau, Jason and Jacobson, Quinn
    A. and Mitra, Subhasish},
  title = {{ERSA}: Error resilient system architecture for probabilistic applications},
  booktitle = {DATE},
  year = {2010},
}

@inproceedings{smoothing-cav,
 author = {Chaudhuri, Swarat and Solar-Lezama, Armando},
 title = {Smoothing a program soundly and robustly},
 booktitle = {CAV},
 year = {2011},
}

@techreport{quickstep,
  author    = {Sasa Misailovic and
               Deokhwan Kim and
               Martin Rinard},
  title     = {Parallelizing Sequential Programs With Statistical Accuracy
               Tests},
  number    = {MIT-CSAIL-TR-2010-038},
  month     = {August},
  year      = {2010}
}

@inproceedings{dubstep,
    author = {Sasa Misailovic and Stelios Sidiroglou and Martin Rinard},
    title = {Dancing with Uncertainty},
    booktitle = {Workshop on Relaxing Synchronization for Multicore and
        Manycore Scalability (RACES)},
    year={2012},
}

@inproceedings{carbin-races,
    author = {Michael Carbin and Martin Rinard},
    title = {(Relative) Safety Properties for Relaxed Approximate Programs},
    booktitle = {Workshop on Relaxing Synchronization for Multicore and
        Manycore Scalability (RACES)},
    year={2012},
}

@inproceedings{races-ibm,
    author = {Lakshminarayanan Renganarayanan and Vijayalakshmi Srinivasan and Ravi Nair and Daniel Prener},
    title = {Programming with Relaxed Synchronization},
    booktitle = {Workshop on Relaxing Synchronization for Multicore and
        Manycore Scalability (RACES)},
    year={2012},
}

@inproceedings{smoothing-pldi,
 author = {Chaudhuri, Swarat and Solar-Lezama, Armando},
 title = {Smooth interpretation},
 booktitle = {PLDI},
 year = {2010},
}

@inproceedings{smoothing-fse,
 author = {Chaudhuri, Swarat and Gulwani, Sumit and Lublinerman, Roberto and Navidpour, Sara},
 title = {Proving programs robust},
 booktitle = {FSE},
 year = {2011},
}

@inproceedings{hogwild,
  author    = {Benjamin Recht and
               Christopher Re and
               Stephen J. Wright and
               Feng Niu},
  title     = {Hogwild: A Lock-Free Approach to Parallelizing Stochastic
               Gradient Descent},
  booktitle = {NIPS},
  year      = {2011},
}

@inproceedings{blinkdb,
    title = {{BlinkDB}: Queries with Bounded Errors and Bounded Response Times
        on Very Large Data},
    author = {Sameer Agarwal and Barzan Mozafari and Aurojit Panda and Henry
        Milner and Samuel Madden and Ion Stoica},
    booktitle = {EuroSys},
    year = {2013},
}

@inproceedings{apex,
 author = {Sen, Sayandeep and Gilani, Syed and Srinath, Shreesha and Schmitt, Stephen and Banerjee, Suman},
 title = {Design and implementation of an "approximate" communication system for wireless media applications},
 booktitle = {SIGCOMM},
 year = {2010},
}

@inproceedings{benchnn,
  author    = {Tianshi Chen and
               Yunji Chen and
               Marc Duranton and
               Qi Guo and
               Atif Hashmi and
               Mikko H. Lipasti and
               Andrew Nere and
               Shi Qiu and
               Mich{\`e}le Sebag and
               Olivier Temam},
  title     = {{BenchNN}: On the broad potential application scope of hardware
               neural network accelerators},
  booktitle = {IISWC},
  year      = {2012},
}

@inproceedings{temam-isca,
  author    = {Olivier Temam},
  title     = {A defect-tolerant accelerator for emerging high-performance
               applications},
  booktitle = {ISCA},
  year      = {2012},
}

@inproceedings{palem-pruning,
  author    = {Lingamneni Avinash and
               Christian C. Enz and
               Jean-Luc Nagel and
               Krishna V. Palem and
               Christian Piguet},
  title     = {Energy parsimonious circuit design through probabilistic
               pruning},
  booktitle = {DATE},
  year      = {2011},
}

@techreport{uncertaint,
    title = {{Uncertain<T>}: A First-Order Type for Uncertain Data},
    author = {James Bornholt and Todd Mytkowicz and Kathryn S. McKinley},
    institution = {Microsoft Research},
    number = {Microsoft Technical Report},
    note = {\url{http://research.microsoft.com/apps/pubs/default.aspx?id=191276}},
}

@inproceedings{church,
  author    = {Noah D. Goodman and
               Vikash K. Mansinghka and
               Daniel M. Roy and
               Keith Bonawitz and
               Joshua B. Tenenbaum},
  title     = {Church: a language for generative models},
  booktitle = {UAI},
  year      = {2008},
}

@inproceedings{jif,
        Author = {Myers, Andrew C.},
        Booktitle = {POPL},
        Title = {{JFlow}: practical mostly-static information flow control},
        Year = {1999}}

@inproceedings{llfi,
    author = {Anna Thomas and Karthik Pattabiraman},
    title = {LLFI: An Intermediate Code Level Fault Injector For Soft
        Computing Applications},
    booktitle = {SELSE},
    year = {2013},
}

@techreport{mansinghka-circuits,
    author = {Vikash K. Mansinghka and Eric M. Jonas and Joshua B.
        Tenenbaum},
    title = {Stochastic Digital Circuits for Probabilistic Inference},
    number = {MIT-CSAIL-TR-2008-069},
    note = {\url{http://hdl.handle.net/1721.1/43712}},
    year = {2008},
}

@mastersthesis{hizli,
    author = {Caglar Hizli},
    title = {Energy Aware Probabilistic Arithmetics},
    school = {Eindhoven University of Technology},
    year = {2013},
}

@article{adder-metrics,
    author = {Jinghang Liang and Jie Han and Fabrizio Lombardi},
    title = {New Metrics for the Reliability of Approximate and Probabilistic Adders},
    journal ={IEEE Trans. Comput.},
    volume = {99},
    year = {2012},
}

@techreport{rice-transformation-semantics,
    author = {Edwin Westbrook and Swarat Chaudhuri},
    title = {A Semantics for Approximate Program Transformations},
    number = {arXiv:1304.5531},
    note = {\url{http://arxiv.org/abs/1304.5531}},
}

@inproceedings{canal,
    author = {Michael Ringenburg and Sung-Eun Choi},
    title = {Optimizing Loop-level Parallelism in Cray XMT Applications},
    booktitle = {Cray User Group Proceedings},
    year = {2009},
}

@techreport{enercaml,
    title = {Quality of Service Profiling and Autotuning for Energy-Aware
        Approximate Programming},
    author = {Michael F. Ringenburg and Adrian Sampson and Luis Ceze and Dan Grossman},
    number = {UW-CSE-12-07-02},
    institution = {University of Washington},
    year = {2012},
}

@inproceedings{klee,
 author = {Cadar, Cristian and Dunbar, Daniel and Engler, Dawson},
 title = {{KLEE}: unassisted and automatic generation of high-coverage tests for complex systems programs},
 booktitle = {OSDI},
 year = {2008},
}

@inproceedings{ccores,
 author = {Venkatesh, Ganesh and Sampson, Jack and Goulding, Nathan and Garcia, Saturnino and Bryksin, Vladyslav and Lugo-Martinez, Jose and Swanson, Steven and Taylor, Michael Bedford},
 title = {Conservation cores: reducing the energy of mature computations},
 booktitle = {ASPLOS},
 year = {2010},
}

@inproceedings{hardware-sketching,
 author = {Raabe, Andreas and Bodik, Rastislav},
 title = {Synthesizing hardware from sketches},
 booktitle = {DAC},
 year = {2009},
}

@TechReport{EnerJ-TR,
  author =       {A. Sampson and W. Dietl and E. Fortuna and D. Gnanapragasam
                  and L. Ceze and D. Grossman},
  title =        {{EnerJ: Approximate Data Types for Safe and General
                  Low-Power Computation --- Full Proofs}},
  institution =  {University of Washington},
  number =       {UW-CSE-10-12-01},
  year =         {2011},
}

@article{infflow-survey,
  Author = {Sabelfeld, Andrei and Myers, Andrew C.},
  Title = {Language-based information-flow security},
  Journal = {{IEEE} Journal on Selected Areas in Communications, special issue on Formal Methods for Security},
  Volume=21,
  Number=1,
  Year=2003
}

@inproceedings{endorsement,
	Author = {Aslan Askarov and Andrew C. Myers},
	Booktitle = {ESOP},
	Title = {A Semantic Framework for Declassification and Endorsement},
	Year = {2010}}

@inproceedings{aqeel,
	Author = {Aqeel Mahesri and Vibhore Vardhan},
	Booktitle = {PACS},
	Title = {Power Consumption Breakdown on a Modern Laptop},
	Year = {2004}}

@inproceedings{smartrefresh,
	Author = {Ghosh, Mrinmoy and Lee, Hsien-Hsin S.},
	Booktitle = {MICRO},
	Title = {Smart Refresh: An Enhanced Memory Controller Design for Reducing Energy in Conventional and {3D} Die-Stacked {DRAM}s},
	Year = {2007}}

@inproceedings{drowsycaches,
	Author = {Flautner, Kriszti\'{a}n and Kim, Nam Sung and Martin, Steve and Blaauw, David and Mudge, Trevor},
	Booktitle = {ISCA},
	Title = {Drowsy caches: simple techniques for reducing leakage power},
	Year = {2002}}

@inproceedings{carroll2010,
	Author = {Carroll, Aaron and Heiser, Gernot},
	Booktitle = {USENIX},
	Title = {An analysis of power consumption in a smartphone},
	Year = {2010}}

@inproceedings{googlepower,
	Author = {Fan, Xiaobo and Weber, Wolf-Dietrich and Barroso, Luiz Andre},
	Booktitle = {ISCA},
	Title = {Power provisioning for a warehouse-sized computer},
	Year = {2007}}

@inproceedings{burger2003,
	Author = {Natarajan, Karthik and Hanson, Heather and Keckler, Stephen W. and Moore, Charles R. and Burger, Doug},
	Booktitle = {ISLPED},
	Title = {Microprocessor pipeline energy analysis},
	Year = {2003}}

@inproceedings{mcpat,
	Author = {Sheng Li and Jung Ho Ahn and Strong, R.D. and Brockman, J.B. and Tullsen, D.M. and Jouppi, N.P.},
	Booktitle = {MICRO},
	Title = {{McPAT}: An integrated power, area, and timing modeling framework for multicore and manycore architectures},
	Year = {2009}}

@inproceedings{wattch,
	Author = {Brooks, David and Tiwari, Vivek and Martonosi, Margaret},
	Booktitle = {ISCA},
	Title = {Wattch: a framework for architectural-level power analysis and optimizations},
	Year = {2000}}

@inproceedings{bdtyping,
	Author = {Chlipala, Adam and Petersen, Leaf and Harper, Robert},
	Booktitle = {TLDI},
	Title = {Strict bidirectional type checking},
	Year = {2005}}

@article{IgarashiEA01,
	Author = {A. Igarashi and B. C. Pierce and P. Wadler},
	Journal = {TOPLAS},
	Number = 3,
	Title = {{F}eatherweight {J}ava: a minimal core calculus for {J}ava and {GJ}},
	Volume = 23,
	Year = 2001}

@inproceedings{hpca10cam,
	Author = {Kahng, A.B. and Seokhyeong Kang and Kumar, R. and Sartori, J.},
	Booktitle = {HPCA},
	Title = {Designing a processor from the ground up to allow voltage/reliability tradeoffs},
	Year = {2010}}

@misc{jsr308,
	Author = {Michael D. Ernst},
	Howpublished = {\url{http://types.cs.washington.edu/jsr308/}},
	HIDE_TO_SAVE_SPACE_Month = {September~12,},
	Title = {{Type Annotations} specification ({JSR} 308)},
	Year = {2008}}

@inproceedings{pap2008,
	Author = {Matthew M. Papi and Mahmood Ali and Correa Jr., Telmo Luis and Jeff H. Perkins and Michael D. Ernst},
	Booktitle = {ISSTA},
	Title = {Practical pluggable types for {Java}},
	Year = {2008}}

@inproceedings{dekruijf-selse09,
	Author = {de Kruijf, M. and Sankaralingam, K.},
	Booktitle = {SELSE},
	Title = {Exploring the synergy of emerging workloads and silicon reliability trends},
	Year = {2009}}

@article{fuzzymemo,
	Author = {Alvarez, Carlos and Corbal, Jesus and Valero, Mateo},
	Journal = {IEEE Trans. Comput.},
	Number = {7},
	Title = {Fuzzy Memoization for Floating-Point Multimedia Applications},
	Volume = {54},
	Year = {2005}}

@article{bitwidthred,
	Author = {Tong, Jonathan Ying Fai and Nagle, David and Rutenbar, Rob. A.},
	Journal = {IEEE Trans. VLSI Syst.},
	Number = {3},
	Title = {Reducing power by optimizing the necessary precision/range of floating-point arithmetic},
	Volume = {8},
	Year = {2000}}

@mastersthesis{dramthesis,
	Author = {Vimal Bhalodia},
	School = {MIT},
	Title = {{SCALE} {DRAM} Subsystem Power Analysis},
	Year = {2005}}

@phdthesis{sramthesis,
	Author = {Animesh Kumar},
	School = {University of California at Berkeley},
	Title = {{SRAM} Leakage-Power Optimization Framework: a System Level Approach},
	Year = {2008}}

@article{flowproofs,
	Author = {Pottier, Fran\c{c}ois and Conchon, Sylvain},
	Journal = {SIGPLAN Not.},
	Number = {9},
	Title = {Information flow inference for free},
	Volume = {35},
	Year = {2000}}

@inproceedings{rinard-onward,
	Author = {Rinard, Martin and Hoffmann, Henry and Misailovic, Sasa and Sidiroglou, Stelios},
	Booktitle = {Onward!},
	Title = {Patterns and statistical analysis for understanding reduced resource computing},
	Year = {2010}}

@inproceedings{srampaper,
	Author = {Kumar, A. and Rabaey, J. and Ramchandran, K.},
	Booktitle = {{ISQED}},
	Title = {{SRAM} supply voltage scaling: A reliability perspective},
	Year = {2009}}

@techreport{perforationtr,
	Author = {Agarwal, Anant and Rinard, Martin and Sidiroglou, Stelios and Misailovic, Sasa and Hoffmann, Henry},
	Institution = {MIT},
	Title = {Using Code Perforation to Improve Performance, Reduce Energy Consumption, and Respond to Failures},
	Year = {2009}}

@inproceedings{flikker,
	Author = {Song Liu and Karthik Pattabiraman and Thomas Moscibroda and Benjamin G. Zorn},
    Booktitle = {ASPLOS},
	Title = {Flikker: Saving Refresh-Power in Mobile Devices through Critical Data Partitioning},
	Year = {2011}}

@inproceedings{relax,
	Author = {de Kruijf, Marc and Nomura, Shuou and Sankaralingam, Karthikeyan},
	Booktitle = {ISCA},
	Title = {Relax: an architectural framework for software recovery of hardware faults},
	Year = {2010}}

@inproceedings{perry-sas,
	Author = {Perry, Frances and Walker, David},
	Booktitle = {SAS},
	Title = {Reasoning about Control Flow in the Presence of Transient Faults},
	Year = {2008}}

@inproceedings{perry-pldi,
	Author = {Perry, Frances and Mackey, Lester and Reis, George A. and Ligatti, Jay and August, David I. and Walker, David},
	Booktitle = {PLDI},
	Title = {Fault-tolerant typed assembly language},
	Year = {2007}}

@inproceedings{qualifiers,
    author = {Foster, Jeffrey S. and F\"{a}hndrich, Manuel and Aiken, Alexander},
    title = {A theory of type qualifiers},
    booktitle = {PLDI},
    year = {1999}}

@inproceedings{pcm-dram-alt,
 author = {Lee, Benjamin C. and Ipek, Engin and Mutlu, Onur and Burger, Doug},
 title = {Architecting phase change memory as a scalable {DRAM} alternative},
 booktitle = {ISCA},
 year = {2009},
}

@inproceedings{flash-retention-relax,
    author = {Ren-Shuo Liu and Chia-Lin Yang and Wei Wu},
    title = {Optimizing {NAND} Flash-Based {SSD}s via Retention Relaxation},
    booktitle = {FAST},
    year = {2012},
}

@inproceedings{durable-pcm-mm,
 author = {Zhou, Ping and Zhao, Bo and Yang, Jun and Zhang, Youtao},
 title = {A durable and energy efficient main memory using phase change memory technology},
 booktitle = {ISCA},
 year = {2009},
}

@inproceedings{drm,
 author = {Ipek, Engin and Condit, Jeremy and Nightingale, Edmund B. and Burger, Doug and Moscibroda, Thomas},
 title = {Dynamically replicated memory: Building reliable systems from nanoscale resistive memories},
 booktitle = {ASPLOS},
 year = {2010},
}

@inproceedings{qureshi-pcm-mm,
 author = {Qureshi, Moinuddin K. and Srinivasan, Vijayalakshmi and Rivers, Jude A.},
 title = {Scalable high performance main memory system using phase-change memory technology},
 booktitle = {ISCA},
 year = {2009},
}

@inproceedings{carbin_pldi12,
title = "Reasoning about Relaxed Programs",
author = {Michael Carbin and Deokhwan Kim and Sasa Misailovic and Martin C. Rinard},
booktitle = {PLDI},
year = 2012,
}

@inproceedings{sramerrors,
 author = {Kumar, Animesh and Rabaey, Jan and Ramchandran, Kannan},
 title = {{SRAM} supply voltage scaling: A reliability perspective},
 booktitle = {International Symposium on Quality of Electronic Design},
 year = {2009},
}

@ARTICLE{hybridsram,
author={Ik Joon Chang and Mohapatra, D. and Roy, K.},
journal={IEEE Transactions on Circuits and Systems for Video Technology},
title={A Priority-Based {6T}/{8T} Hybrid {SRAM} Architecture for Aggressive Voltage Scaling in Video Applications},
year={2011},
volume={21},
number={2},
pages={101--112},
}

@inproceedings{halfwits,
 author = {Salajegheh, Mastooreh and Wang, Yue and Fu, Kevin and Jiang, Anxiao and Learned-Miller, Erik},
 title = {Exploiting half-wits: Smarter storage for low-power devices},
 booktitle = {FAST},
 year = {2011},
}

@inproceedings{adams,
 author = {Dong, Xiangyu and Xie, Yuan},
 title = {{AdaMS}: Adaptive {MLC}/{SLC} phase-change memory design for file storage},
 booktitle = {Asia and South Pacific Design Automation Conference},
 year = {2011},
}

@misc{ucimlrepo,
    author = "K. Bache and M. Lichman",
    year = "2013",
    title = "{UCI} Machine Learning Repository",
    url = "http://archive.ics.uci.edu/ml",
    institution = "University of California, Irvine, School of Information and Computer Sciences"
}

@inproceedings{powerfade,
    author = {Hung-Wei Tseng and Laura M. Grupp and Steven Swanson},
    title = {Underpowering {NAND} Flash: Profits and Perils},
    booktitle = {DAC},
    year = 2013,
}

@inproceedings{powertokens,
 author = {Hay, Andrew and Strauss, Karin and Sherwood, Timothy and Loh, Gabriel H. and Burger, Doug},
 title = {Preventing {PCM} banks from seizing too much power},
 booktitle = {MICRO},
 year = {2011},
}

@INPROCEEDINGS{safer,
author={Nak Hee Seong and Dong Hyuk Woo and Srinivasan, V. and Rivers, J.A. and Lee, H.-H.S.},
booktitle={MICRO},
title={{SAFER}: Stuck-At-Fault Error Recovery for Memories},
year={2010},
}

@inproceedings{payg,
 author = {Qureshi, Moinuddin K.},
 title = {Pay-As-You-Go: low-overhead hard-error correction for phase change memories},
 booktitle = {MICRO},
 year = {2011},
}

@inproceedings{zombie,
    author = {Rodolfo Jardim de Azevedo and John D. Davis and Karin Strauss
        and Parikshit Gopalan and Mark Manasse and Sergey Yekhanin},
    title = {Zombie: Extending Memory Lifetime by Reviving Dead Blocks},
    booktitle = {ISCA},
    year = {2013},
}

@inproceedings{moneta,
 author = {Caulfield, Adrian M. and De, Arup and Coburn, Joel and Mollow, Todor I. and Gupta, Rajesh K. and Swanson, Steven},
 title = {Moneta: A High-Performance Storage Array Architecture for Next-Generation, Non-volatile Memories},
 booktitle = {MICRO},
 year = {2010},
}

@inproceedings{rely,
    author = {Michael Carbin and Sasa Misailovic and and Martin C. Rinard},
    title = {Verifying Quantitative Reliability for Programs that Execute on
        Unreliable Hardware},
    booktitle = {OOPSLA},
    year = {2013},
}

@inproceedings{holcomb-wacas,
    title = {{QBF}-Based Synthesis of Optimal Word-Splitting in Approximate Multi-Level Storage Cells},
    author = {Daniel E. Holcomb and Kevin Fu},
    booktitle = {Workshop on Approximate Computing Across the System Stack
        (WACAS)},
    year = {2014},
}

@inproceedings{approxstorage,
 author = {Sampson, Adrian and Nelson, Jacob and Strauss, Karin and Ceze, Luis},
 title = {Approximate Storage in Solid-state Memories},
 booktitle = {MICRO},
 year = {2013},
}

@inproceedings{mempersistency,
    author = {Steven Pelley and Peter M. Chen and Thomas F. Wenisch},
    title = {Memory Persistency},
    booktitle = {ISCA},
    year = {2014},
}

@inproceedings{optfs,
    author = {Vijay Chidambaram and Thanumalayan Sankaranarayana Pillai and
        Andrea C. Arpaci-Dusseau and Remzi H. Arpaci-Dusseau},
    title = {Optimistic Crash Consistency},
    booktitle = {SOSP},
    year = {2013},
}

@inproceedings{diskmttf,
 author = {Schroeder, Bianca and Gibson, Garth A.},
 title = {Disk Failures in the Real World: What Does an MTTF of 1,000,000 Hours Mean to You?},
 booktitle = {FAST},
 year = {2007},
}

@inproceedings{googledisk,
 author = {Pinheiro, Eduardo and Weber, Wolf-Dietrich and Barroso, Luiz Andr{\'e}},
 title = {Failure Trends in a Large Disk Drive Population},
 booktitle = {FAST},
 year = {2007},
}

@inproceedings{nvheaps,
 author = {Coburn, Joel and Caulfield, Adrian M. and Akel, Ameen and Grupp, Laura M. and Gupta, Rajesh K. and Jhala, Ranjit and Swanson, Steven},
 title = {{NV}-Heaps: Making persistent objects fast and safe with next-generation, non-volatile memories},
 booktitle = {ASPLOS},
 year = {2011},
}

@inproceedings{mnemosyne,
 author = {Volos, Haris and Tack, Andres Jaan and Swift, Michael M.},
 title = {Mnemosyne: Lightweight persistent memory},
 booktitle = {ASPLOS},
 year = {2011},
}

@inproceedings{ecp,
 author = {Schechter, Stuart and Loh, Gabriel H. and Strauss, Karin and Burger, Doug},
 title = {Use {ECP}, not {ECC}, for hard failures in resistive memories},
 booktitle = {ISCA},
 year = {2010},
}

@ARTICLE{separability,
author={van Zanten, A.J. and I Nengah Suparta},
journal={IEEE Transactions on Information Theory}, title={The separability of standard cyclic N-ary Gray codes},
year={2003},
volume={49},
number={2},
pages={485--487},
ISSN={0018-9448},}

@article{dpc,
 author = {Preparata, F. and Nievergelt, J.},
 title = {Difference-preserving codes},
 journal = {IEEE Trans. Inf. Theor.},
 issue_date = {September 1974},
 volume = {20},
 number = {5},
 year = {2006},
 issn = {0018-9448},
 pages = {643--649},
 numpages = {7},
 acmid = {2268733},
 publisher = {IEEE Press},
 address = {Piscataway, NJ, USA},
}

@inproceedings{morphablepcm,
 author = {Qureshi, Moinuddin K. and Franceschini, Michele M. and Lastras-Monta\~{n}o, Luis A. and Karidis, John P.},
 title = {Morphable memory system: A robust architecture for exploiting multi-level phase change memories},
 booktitle = {ISCA},
 year = {2010},
}

@ARTICLE{mlcflash,
author={Takeuchi, K. and Tanaka, T. and Tanzawa, T.},
journal={IEEE Journal of Solid-State Circuits}, title={A multipage cell
    architecture for high-speed programming multilevel {NAND} flash memories},
year={1998},
volume={33},
number={8},
pages={1228 -1238},
ISSN={0018-9200},}

@ARTICLE{ispp,
author={Suh, Kang-Deog and Suh, Byung-Hoon and Lim, Young-Ho and Kim, Jin-Ki and Choi, Young-Joon and Koh, Yong-Nam and Lee, Sung-Soo and Kwon, Suk-Chon and Choi, Byung-Soon and Yum, Jin-Sun and Choi, Jung-Hyuk and Kim, Jang-Rae and Lim, Hyung-Kyu},
journal={IEEE Journal of Solid-State Circuits},
title={A 3.3 {V} 32 {Mb} {NAND} flash memory with incremental step pulse programming scheme},
year={1995},
volume={30},
number={11},
pages={1149--1156}}

@inproceedings{fgcoupling,
author={ Lee, Young-Taek and Kim, Euncheol and Lee, Jinwook and Choi, Sunmi and Lee, Seungjae and  Kim, Dong-Hwan and  Han, Wook-Kee and  Lim, Young-Ho and  Lee, Jae-Duk and  Choi, Jung-Dal and  Suh, Kang-Deog},
booktitle={ISSCC},
title={A 3.3 {V} 1{Gb} Multi-level {NAND} flash with non-uniform threshold voltage distribution},
year={2001},
}

@inproceedings{flash2bit,
author={Zeng, R. and Chalagalla, N. and Chu, D. and Elmhurst, D. and Goldman, M. and Haid, C. and Huq, A. and Ichikawa, T. and Jorgensen, J. and Jungroth, O. and Kajla, N. and Kajley, R. and Kawai, K. and Kishimoto, J. and Madraswala, A. and Manabe, T. and Mehta, V. and Morooka, M. and Nguyen, K. and Oikawa, Y. and Pathak, B. and Rozman, R. and Ryan, T. and Sendrowski, A. and Sheung, W. and Szwarc, M. and Takashima, Y. and Tamada, S. and Tanzawa, T. and Tanaka, T. and Taub, M. and Udeshi, D. and Yamada, S. and Yokoyama, H.},
booktitle={ISSCC},
title={A 172mm$^2$ 32{Gb} {MLC} {NAND} flash memory in 34nm {CMOS}},
year={2009},
}

@inproceedings{flash3bit,
author={Yan Li and Seungpil Lee and Oowada, K. and Hao Nguyen and Qui Nguyen and Mokhlesi, N. and Hsu, C. and Li, J. and Ramachandra, V. and Kamei, T. and Higashitani, M. and Pham, T. and Honma, M. and Watanabe, Y. and Ino, K. and Binh Le and Byungki Woo and Khin Htoo and Tai-Yuan Tseng and Pham, L. and Tsai, F. and Kwang-ho Kim and Yi-Chieh Chen and Min She and Jong Yuh and Chu, A. and Chen Chen and Puri, R. and Hung-Szu Lin and Yi-Fang Chen and Mak, W. and Huynh, J. and Jim Chan and Watanabe, M. and Yang, D. and Shah, G. and Souriraj, P. and Tadepalli, D. and Tenugu, S. and Gao, R. and Popuri, V. and Azarbayjani, B. and Madpur, R. and Lan, J. and Yero, E. and Feng Pan and Hong, P. and Jang Yong Kang and Moogat, F. and Yupin Fong and Cernea, R. and Huynh, S. and Trinh, C. and Mofidi, M. and Shrivastava, R. and Quader, K.},
booktitle={ISSCC},
title={128{Gb} 3b/cell {NAND} flash memory in 19nm technology with 18{MB/s} write rate and 400{Mb/s} toggle mode},
year={2012},
}

@unpublished{flash3bittalk,
author={ Li, Yan},
note={talk at Flash Memory Summit},
title={3 bit per cell {NAND} flash memory on 19nm technology},
year={2012},
}

@inproceedings{threestep,
author={Trinh, C. and Shibata, N. and Nakano, T. and Ogawa, M. and Sato, J. and Takeyama, Y. and Isobe, K. and Le, B. and Moogat, F. and Mokhlesi, N. and Kozakai, K. and Hong, P. and Kamei, T. and Iwasa, K. and Nakai, J. and Shimizu, T. and Honma, M. and Sakai, S. and Kawaai, T. and Hoshi, S. and Yuh, J. and Hsu, C. and Tseng, T. and Li, J. and Hu, J. and Liu, M. and Khalid, S. and Chen, J. and Watanabe, M. and Lin, H. and Yang, J. and McKay, K. and Nguyen, K. and Pham, T. and Matsuda, Y. and Nakamura, K. and Kanebako, K. and Yoshikawa, S. and Igarashi, W. and Inoue, A. and Takahashi, T. and Komatsu, Y. and Suzuki, C. and Kanazawa, K. and Higashitani, M. and Lee, S. and Murai, T. and Nguyen, K. and Lan, J. and Huynh, S. and Murin, M. and Shlick, M. and Lasser, M. and Cernea, R. and Mofidi, M. and Schuegraf, K. and Quader, K.},
booktitle={ISSCC},
title={A 5.6{MB/s} 64{Gb} 4b/cell {NAND} flash memory in 43nm {CMOS}},
year={2009},
}

@unpublished{threesteptalk,
author={ Trinh, C.},
note={Talk at ISSCC},
title={A 7.8{MB/s} 64{Gb} 4b/cell {NAND} flash memory in 43nm {CMOS}},
year={2009}}

@INPROCEEDINGS{writecancel,
author={Qureshi, M. K. and Franceschini, M. M. and Lastras-Montano, L. A.},
booktitle={HPCA},
title={Improving read performance of Phase Change Memories via Write Cancellation and Write Pausing},
year={2010},
}

@inproceedings{improvingwrites,
 author = {Jiang, Lei and Zhao, Bo and Zhang, Youtao and Yang, Jun and Childers, Bruce R.},
 title = {Improving write operations in {MLC} phase change memory},
 booktitle = {HPCA},
 year = {2012},
}

@INPROCEEDINGS{flasherrors,
author={Yu Cai and Haratsch, E.F. and Mutlu, O. and Ken Mai},
booktitle={DATE},
title={Error patterns in {MLC} {NAND} flash memory: Measurement, characterization, and analysis},
year={2012},
}

@inproceedings{wdddmlcpcm,
    author={Sungkap Yeo and Nak Hee Seong and Hsien-Hsin S. Lee},
    title={Can Multi-Level Cell {PCM} Be Reliable and Usable? {A}nalyzing the
        Impact of Resistance Drift},
    booktitle={Workshop on Duplicating, Deconstructing and Debunking},
    year={2012},
}

@article{mlcmodelchar,
  title={Multilevel Phase Change Memory Modeling and Experimental Characterization},
  author={Pantazi, A. and Sebastian, A. and Papandreou, N. and Breitwisch, MJ and Lam, C. and Pozidis, H. and Eleftheriou, E.},
  journal={EPCOS},
  year={2009}
}

@INPROCEEDINGS{mlcprogalgo,
author={Papandreou, N. and Pozidis, H. and Pantazi, A. and Sebastian, A. and Breitwisch, M. and Lam, C. and Eleftheriou, E.},
booktitle={ISCAS},
title={Programming algorithms for multilevel phase-change memory},
year={2011},
volume={},
number={},
pages={329--332},
}

@INPROCEEDINGS{mlcibm,
author={Papandreou, N. and Pantazi, A. and Sebastian, A. and Breitwisch, M. and Lam, C. and Pozidis, H. and Eleftheriou, E.},
booktitle={IEEE International Conference on Electronics, Circuits, and Systems},
title={Multilevel phase-change memory},
year={2010},
}

@ARTICLE{partialreset,
author={Braga, S. and Sanasi, A. and Cabrini, A. and Torelli, G.},
journal={IEEE Transactions on Electron Devices},
title={Voltage-Driven Partial-{RESET} Multilevel Programming in Phase-Change Memories},
year={2010},
volume={57},
number={10},
pages={2556--2563},
}

@INPROCEEDINGS{mlcwritestrategies,
author={Nirschl, T. and Phipp, J.B. and Happ, T.D. and Burr, G.W. and Rajendran, B. and Lee, M.-H. and Schrott, A. and Yang, M. and Breitwisch, M. and Chen, C.-F. and Joseph, E. and Lamorey, M. and Cheek, R. and Chen, S.-H. and Zaidi, S. and Raoux, S. and Chen, Y.C. and Zhu, Y. and Bergmann, R. and Lung, H.-L. and Lam, C.},
title={Write Strategies for 2 and 4-bit Multi-Level Phase-Change Memory},
booktitle={IEDM},
year={2007},
}

@INPROCEEDINGS{mlcpcmreliability,
author={Pozidis, H. and Papandreou, N. and Sebastian, A. and Mittelholzer, T. and BrightSky, M. and Lam, C. and Eleftheriou, E.},
booktitle={IEEE International Memory Workshop},
title={A Framework for Reliability Assessment in Multilevel Phase-Change Memory},
year={2012},
ISSN={},
}

@INPROCEEDINGS{drifttolerant,
author={Papandreou, N. and Pozidis, H. and Mittelholzer, T. and Close, G.F. and Breitwisch, M. and Lam, C. and Eleftheriou, E.},
booktitle={IEEE International Memory Workshop},
title={Drift-Tolerant Multilevel Phase-Change Memory},
year={2011},
ISSN={},
}

@INPROCEEDINGS{flasherror,
author={Mielke, N. and Marquart, T. and Ning Wu and Kessenich, J. and Belgal, H. and Schares, E. and Trivedi, F. and Goodness, E. and Nevill, L.R.},
booktitle={International Reliability Physics Symposium},
title={Bit error rate in {NAND} Flash memories},
year={2008},
ISSN={},}
