@PREAMBLE{ {\providecommand{\noopsort}[1]{}} }

@inproceedings{enerj,
  author    = {Adrian Sampson and
               Werner Dietl and
               Emily Fortuna and
               Danushen Gnanapragasam and
               Luis Ceze and
               Dan Grossman},
  title     = {{EnerJ}: Approximate data types for safe and general low-power
               computation},
  booktitle = {PLDI},
  year      = 2011,
  ee        = {http://doi.acm.org/10.1145/1993498.1993518}
}

@inproceedings{truffle,
  author    = {Hadi Esmaeilzadeh and
               Adrian Sampson and
               Luis Ceze and
               Doug Burger},
  title     = {Architecture support for disciplined approximate programming},
  booktitle = {ASPLOS},
  year      = 2012,
  ee        = {http://doi.acm.org/10.1145/2150976.2151008}
}

@techreport{quickstep,
  author    = {Sasa Misailovic and
               Deokhwan Kim and
               Martin Rinard},
  title     = {Parallelizing Sequential Programs With Statistical Accuracy
               Tests},
  number    = {MIT-CSAIL-TR-2010-038},
  institution = {MIT},
  month     = Aug,
  year      = 2010
}

@inproceedings{dubstep,
  author    = {Sasa Misailovic and
               Stelios Sidiroglou and
               Martin C. Rinard},
  title     = {Dancing with Uncertainty},
  booktitle = {Workshop on Relaxing Synchronization for Multicore and
      Manycore Scalability (RACES)},
  year      = 2012
}

@article{torftf,
  author     = {Aamodt, Tor M. and Chow, Paul},
  title      = {Compile-time and instruction-set methods for improving
                floating- to fixed-point conversion accuracy},
  journal    = {ACM TECS},
  issue_date = {April 2008},
  volume     = {7},
  number     = {3},
  month      = May,
  year       = 2008,
  pages      = {26:1--26:27},
  ee         = {http://doi.acm.org/10.1145/1347375.1347379},
}

@phdthesis{parsec,
  author = {Christian Bienia},
  title  = {Benchmarking Modern Multiprocessors},
  school = {Princeton University},
  year   = 2011,
  month  = Jan
}

@inproceedings{zhu-popl12,
 author = {Zhu, Zeyuan Allen and Misailovic, Sasa and Kelner, Jonathan A. and
           Rinard, Martin},
 title = {Randomized accuracy-aware program transformations for efficient
          approximate computations},
 booktitle = {POPL},
 year = 2012,
}

@inproceedings{carbin-pldi,
 author = {Carbin, Michael and Kim, Deokhwan and Misailovic, Sasa and Rinard, Martin C.},
 title = {Proving acceptability properties of relaxed nondeterministic approximate programs},
 booktitle = {PLDI},
 year = {2012},
} 

@techreport{rely,
  author    = {Michael Carbin and
               Sasa Misailovic and
	       Martin C. Rinard},
  title     = {Verifying Quantitative Reliability of Programs That Execute on
               Unreliable Hardware},
  institution = {MIT},
  number    = {MIT-CSAIL-TR-2013-014},
  month     = Jun,
  year      = 2013
}

@inproceedings{dynamicknobs,
 author = {Hoffmann, Henry and Sidiroglou, Stelios and Carbin, Michael and
           Misailovic, Sasa and Agarwal, Anant and Rinard, Martin},
 title = {Dynamic knobs for responsive power-aware computing},
 booktitle = {ASPLOS},
 year = 2011,
}

@article{rinard2003acceptability,
  title={Acceptability-oriented computing},
  author={Rinard, Martin},
  journal={ACM SIGPLAN Notices},
  volume=38,
  number=12,
  pages={57--75},
  year=2003,
  publisher={ACM}
}

@inproceedings{npu,
 author = {Esmaeilzadeh, Hadi and Sampson, Adrian and Ceze, Luis and Burger, Doug},
 title = {Neural acceleration for general-purpose approximate programs},
 booktitle = {MICRO},
 year = 2012
} 

@inproceedings{perforation,
 author = {Sidiroglou-Douskos, Stelios and Misailovic, Sasa and Hoffmann, Henry and Rinard, Martin},
 title = {Managing performance vs. accuracy trade-offs with loop perforation},
 booktitle = {FSE},
 year = 2011,
} 

@inproceedings{darksilicon,
 author = {Esmaeilzadeh, Hadi and Blem, Emily and {St. Amant}, Renee and Sankaralingam, Karthikeyan and Burger, Doug},
 title = {Dark silicon and the end of multicore scaling},
 booktitle = {ISCA},
 year = 2011,
} 

@inproceedings{pcmos,
 author = {Chakrapani, Lakshmi N. and Akgul, Bilge E. S. and Cheemalavagu, Suresh and Korkmaz, Pinar and Palem, Krishna V. and Seshasayee, Balasubramanian},
 title = {Ultra-efficient (embedded) {SOC} architectures based on probabilistic
     {CMOS} ({PCMOS}) technology},
 booktitle = {DATE},
 year = 2006,
}

@inproceedings{green,
    Author = {Baek, Woongki and Chilimbi, Trishul M.},
    Booktitle = {PLDI},
    Title = {Green: A framework for supporting energy-conscious programming using controlled approximation},
    Year = 2010
}

@inproceedings{qosprof,
    Author = {Sasa Misailovic and Stelios Sidiroglou and Hank Hoffman and Martin Rinard},
    Booktitle = {ICSE},
    Title = {Quality of Service Profiling},
    Year = 2010
}

@inproceedings{flikker,
    Author = {Song Liu and Karthik Pattabiraman and Thomas Moscibroda and Benjamin G. Zorn},
    Booktitle = {ASPLOS},
    Title = {Flikker: Saving Refresh-Power in Mobile Devices through Critical Data Partitioning},
    Year = 2011
}

@INPROCEEDINGS{relax,
  author = {de Kruijf, Marc and Nomura, Shuou and Sankaralingam, Karthikeyan},
  title = {Relax: An architectural framework for software recovery of hardware
    faults},
  booktitle = {ISCA},
  year = 2010,
}

@inproceedings{benchnn,
  author    = {Tianshi Chen and
               Yunji Chen and
               Marc Duranton and
               Qi Guo and
               Atif Hashmi and
               Mikko H. Lipasti and
               Andrew Nere and
               Shi Qiu and
               Mich{\`e}le Sebag and
               Olivier Temam},
  title     = {{BenchNN}: On the broad potential application scope of hardware
               neural network accelerators},
  booktitle = {IISWC},
  year      = 2012,
}

@inproceedings{temam-isca,
  author    = {Olivier Temam},
  title     = {A defect-tolerant accelerator for emerging high-performance
               applications},
  booktitle = {ISCA},
  year      = 2012,
}

@INPROCEEDINGS{temam-isca13,
  author = {Bilel Belhadj and Antoine Joubert and Zheng Li and Rodolphe Heliot and Olivier Temam},
  title = {Continuous Real-World Inputs Can Open Up Alternative Accelerator Designs},
  booktitle = {International Symposium on Computer Architecture (ISCA)},
    pages = {1--12},
  year = {2013},
}

@InProceedings{llvm,
     Author  = {Chris Lattner and Vikram Adve},
     Title = {{LLVM}: A Compilation Framework for Lifelong Program 
Analysis and Transformation},
     Booktitle = {CGO},
     Year  = 2004,
}

@misc{clang,
    title = {Clang: a {C} language family frontend for {LLVM}},
    note = {\url{http://clang.llvm.org}},
    key = {Clang},
}

@misc{jsr308,
    author = {Michael D. Ernst},
    title = {Type annotations specification ({JSR 308})},
    note = {\url{http://types.cs.washington.edu/jsr308/}},
}

@article{knapsack,
    title = {Discrete-Variable Extremum Problems},
    author = {Dantzig, George B.},
    journal = {Operations Research},
    volume = {5},
    number = {2},
    pages = {266--277},
    year = 1957,
}

@inproceedings{ansel-autotuning,
  author    = {Jason Ansel and
               Yee Lok Wong and
               Cy P. Chan and
               Marek Olszewski and
               Alan Edelman and
               Saman P. Amarasinghe},
  title     = {Language and Compiler Support for Auto-Tuning Variable-Accuracy
               Algorithms},
  booktitle = {CGO},
  year      = 2011,
}

@inproceedings{petabricks,
  author    = {Jason Ansel and
               Cy P. Chan and
               Yee Lok Wong and
               Marek Olszewski and
               Qin Zhao and
               Alan Edelman and
               Saman P. Amarasinghe},
  title     = {{PetaBricks}: a language and compiler for algorithmic choice},
  booktitle = {PLDI},
  year      = 2009,
}

@inproceedings{dyndeterminacy,
 author = {Sch\"{a}fer, Max and Sridharan, Manu and Dolby, Julian and Tip, Frank},
 title = {Dynamic determinacy analysis},
 booktitle = {PLDI},
 year = {2013},
}

@article{wisp-transactions,
	Author = {Alanson P. Sample and Daniel J. Yeager and Pauline S. Powledge and Alexander V. Mamishev and Joshua R. Smith},
	Journal = {IEEE Transactions on Instrumentation and Measurement},
	Title = {Design of an {RFID}-Based Battery-Free Programmable Sensing Platform},
	Volume = 57,
	Number = 11,
	Pages = {2608--2615},
	Month = Nov,
	Year = 2008}

@misc{www:msp430,
	Author = {{Texas Instruments, Inc.}},
	Howpublished = {http://www.ti.com/msp430},
	Title = {{{MSP430} Ultra-Low Power Microcontrollers}}}

@inproceedings{mspsim,
	Author = {Joakim Eriksson and Adam Dunkels and Niclas Finne and Fredrik {\"O}sterlind and Thiemo Voigt},
	Booktitle = {Proc. 4th European Conference on Wireless Sensor Networks},
	Series = {EWSN '07, Poster/Demo Session},
	Title = {{MSPsim}---an Extensible Simulator for {MSP430}-equipped Sensor Boards},
	Year = 2007}

@inproceedings{mementos,
	Author = {Benjamin Ransford and Jacob Sorber and Kevin Fu},
	Title = {Mementos: System Support for Long-Running Computation on
	         {RFID}-Scale Devices},
	Booktitle = {ASPLOS},
	Year = 2011}

@inproceedings{races-ibm,
    author = {Lakshminarayanan Renganarayanan and Vijayalakshmi Srinivasan and Ravi Nair and Daniel Prener},
    title = {Programming with Relaxed Synchronization},
    booktitle = {Workshop on Relaxing Synchronization for Multicore and
        Manycore Scalability (RACES)},
    year={2012},
}

@article{bitwidthred,
    Author = {Tong, Jonathan Ying Fai and Nagle, David and Rutenbar, Rob. A.},
    Journal = {IEEE Trans. VLSI Syst.},
    Number = {3},
    Title = {Reducing power by optimizing the necessary precision/range of floating-point arithmetic},
    Volume = {8},
    Pages = {273--286},
    Year = {2000}
}

@inproceedings{rinard-hotpar,
    author = {Martin Rinard},
    title = {Parallel Synchronization-Free Approximate Data Structure
        Construction},
    booktitle = {HotPar},
    year = {2013},
}

@inproceedings{canal,
    author = {Michael Ringenburg and Sung-Eun Choi},
    title = {Optimizing Loop-level Parallelism in {Cray} {XMT} Applications},
    booktitle = {Cray User Group Proceedings},
    month = May,
    year = {2009},
}

@misc{ccff,
    author={{\noopsort{Portland Group}}{The Portland Group}},
    title={Common Compiler Feedback Format},
    note = {\url{http://www.pgroup.com/resources/ccff.htm}},
}

@INPROCEEDINGS{deditor, 
author={Hiranandani, S. and Kennedy, K. and Tseng, C.-W. and Warren, S.}, 
booktitle={Supercomputing}, 
title={The {D} Editor: a new interactive parallel programming tool}, 
year={1994}, 
}

@misc{llvm-vectorization,
    title={Auto-Vectorization in {LLVM}},
    note={\url{http://llvm.org/docs/Vectorizers.html}},
    author={{LLVM Project}},
}

@inproceedings{sasa-sas11,
 author = {Misailovic, Sasa and Roy, Daniel M. and Rinard, Martin C.},
 title = {Probabilistically accurate program transformations},
 booktitle = {SAS},
 year = {2011},
} 

@inproceedings{carbin-pepm,
  author    = {Michael Carbin and
               Deokhwan Kim and
               Sasa Misailovic and
               Martin C. Rinard},
  title     = {Verified integrity properties for safe approximate program
               transformations},
  booktitle = {PEPM},
  year      = {2013},
}

@inproceedings{papi,
  author    = {Matthew M. Papi and
               Mahmood Ali and
               Telmo Luis Correa Jr. and
               Jeff H. Perkins and
               Michael D. Ernst},
  title     = {Practical pluggable types for {Java}},
  booktitle = {ISSTA},
  year      = {2008},
}

@inproceedings{typequal,
  author    = {Jeffrey S. Foster and
               Manuel F\"ahndrich and
               Alexander Aiken},
  title     = {A Theory of Type Qualifiers},
  booktitle = {PLDI},
  year      = 1999,
}

@phdthesis{cqual,
  author    = {Jeffrey S. Foster},
  title     = {Type Qualifiers: Lightweight Specifications to Improve Software Quality},
  school = {University of California, Berkeley},
  month     = Dec,
  year      = 2002,
}

@inproceedings{shankar:typequal,
  author    = {Umesh Shankar and
               Kunal Talwar and
               Jeffrey S. Foster and
               David Wagner},
  title     = {Detecting Format String Vulnerabilities with Type Qualifiers},
  booktitle = {USENIX Security Symposium},
  month     = Aug,
  year      = 2001,
  ee        = {http://www.usenix.org/publications/library/proceedings/sec01/shankar.html},
}

@inproceedings{precimonious,
  author    = {Cindy Rubio-Gonz{\'a}lez and
               Cuong Nguyen and
               Hong Diep Nguyen and
               James Demmel and
               William Kahan and
               Koushik Sen and
               David H. Bailey and
               Costin Iancu and
               David Hough},
  title     = {Precimonious: Tuning assistant for floating-point precision},
  booktitle = {SC},
  month     = Nov,
  year      = 2013,
  ee        = {http://doi.acm.org/10.1145/2503210.2503296},
}

@inproceedings{powerdial,
  author    = {Henry Hoffmann and
               Stelios Sidiroglou and
               Michael Carbin and
               Sasa Misailovic and
               Anant Agarwal and
               Martin C. Rinard},
  title     = {Dynamic knobs for responsive power-aware computing},
  booktitle = {ASPLOS},
  month     = Mar,
  year      = 2011,
  pages     = {199--212},
  ee        = {http://doi.acm.org/10.1145/1950365.1950390},
}

@misc{phoenix,
  author = {\noopsort{Microsoft Research}{Microsoft Research}},
  title  = {Phoenix Compiler and Shared Source Common Language Infrastructure},
  note = {\url{http://research.microsoft.com/Phoenix}},
}

@inproceedings{paraprox,
 author = {Samadi, Mehrzad and Jamshidi, Davoud Anoushe and Lee, Janghaeng and Mahlke, Scott},
 title = {Paraprox: Pattern-based Approximation for Data Parallel Applications},
 booktitle = {ASPLOS},
 year = {2014},
} 

@inproceedings{sage,
  author = {Samadi, Mehrzad and Lee, Janghaeng and Jamshidi, D. Anoushe and Hormati, Amir and Mahlke, Scott},
 title = {SAGE: Self-tuning Approximation for Graphics Engines},
 booktitle = {MICRO},
 year = {2013},
} 

@inproceedings{anpu,
    author = {Renée {St. Amant} and Amir Yazdanbakhsh and Jongse Park and
        Bradley Thwaites and Hadi Esmaeilzadeh and Arjang Hassibi and Luis
            Ceze and Doug Burger},
    title = {General-Purpose Code Acceleration with Limited-Precision Analog
        Computation},
    booktitle = {ISCA},
    year = {2014},
}

@misc{zynq,
    title = {All Programmable {SoC}},
    author = {{Xilinx, Inc.}},
    url = {http://www.xilinx.com/products/silicon-devices/soc/}
}

@inproceedings{stokefp,
 author = {Schkufza, Eric and Sharma, Rahul and Aiken, Alex},
 title = {Stochastic Optimization of Floating-point Programs with Tunable Precision},
 booktitle = {PLDI},
 year = {2014},
} 

@inproceedings{chisel,
 author = {Misailovic, Sasa and Carbin, Michael and Achour, Sara and Qi, Zichao and Rinard, Martin C.},
 title = {Chisel: Reliability- and Accuracy-aware Optimization of Approximate Computational Kernels},
 booktitle = {OOPSLA},
 year = {2014},
}

@inproceedings{approxit,
 author = {Zhang, Qian and Yuan, Feng and Ye, Rong and Xu, Qiang},
 title = {{ApproxIt}: An Approximate Computing Framework for Iterative Methods},
 booktitle = {DAC},
 year = {2014},
}

@article{taco-soc,
 author = {Fang, Shuangde and Du, Zidong and Fang, Yuntan and Huang, Yuanjie and Chen, Yang and Eeckhout, Lieven and Temam, Olivier and Li, Huawei and Chen, Yunji and Wu, Chengyong},
 title = {Performance Portability Across Heterogeneous SoCs Using a Generalized Library-Based Approach},
 journal = {ACM TACO},
 volume = {11},
 number = {2},
 month = jun,
 year = {2014},
 pages = {21:1--21:25},
}

@article{snnap,
 author = {Thierry Moreau and Mark Wyse and Jacob Nelson and Adrian Sampson and Hadi Esmaeilzadeh and Luis Ceze and Mark Oskin},
 title = {{SNNAP}: Approximate Computing on Programmable {SoCs} via Neural Acceleration},
 booktitle = {HPCA},
 year = {2015},
}

@inproceedings{passert,
    author = {Adrian Sampson and Pavel Panchekha and Todd Mytkowicz and
        Kathryn S. McKinley and Dan Grossman and Luis Ceze},
    title = {Expressing and Verifying Probabilistic Assertions},
    booktitle = {PLDI},
    year = {2014},
}
