@inproceedings{enerj,
 author = {Sampson, Adrian and Dietl, Werner and Fortuna, Emily and Gnanapragasam, Danushen and Ceze, Luis and Grossman, Dan},
 title = {{EnerJ}: {Approximate} data types for safe and general low-power computation},
 booktitle = {PLDI},
 year = {2011}
}

@inproceedings{truffle,
 author = {Esmaeilzadeh, Hadi and Sampson, Adrian and Ceze, Luis and Burger, Doug},
 title = {Architecture support for disciplined approximate programming},
 booktitle = {ASPLOS},
 year = {2012}
}

@inproceedings{npu,
 author = {Esmaeilzadeh, Hadi and Sampson, Adrian and Ceze, Luis and Burger, Doug},
 title = {Neural acceleration for general-purpose approximate programs},
 booktitle = {MICRO},
 year = {2012}
}

@inproceedings{perforation,
 author = {Sidiroglou-Douskos, Stelios and Misailovic, Sasa and Hoffmann, Henry and Rinard, Martin},
 title = {Managing performance vs. accuracy trade-offs with loop perforation},
 booktitle = {FSE},
 year = {2011},
}

@inproceedings{quora,
 author = {Venkataramani, Swagath and Chippa, Vinay K. and Chakradhar, Srimat T. and Roy, Kaushik and Raghunathan, Anand},
 title = {Quality Programmable Vector Processors for Approximate Computing},
 booktitle = {MICRO},
 year = {2013},
} 

@inproceedings{rely,
 author = {Michael Carbin and Sasa Misailovic and Martin Rinard},
 title = {Verifying Quantitative Reliability of Programs That Execute on Unreliable Hardware},
 booktitle = {OOPSLA},
 year = {2013},
}

@inproceedings{ariadne,
 author = {Barr, Earl T. and Vo, Thanh and Le, Vu and Su, Zhendong},
 title = {Automatic Detection of Floating-point Exceptions},
 booktitle = {POPL},
 year = {2013},
} 

@inproceedings{soundreals,
 author = {E. Darulova and V. Kuncak},
 title = {Sound Compilation of Reals},
 booktitle = {POPL},
 year = {2014},
} 

@inproceedings{precimonious,
 author = {Rubio-Gonz\'{a}lez, Cindy and Nguyen, Cuong and Nguyen, Hong Diep and Demmel, James and Kahan, William and Sen, Koushik and Bailey, David H. and Iancu, Costin and Hough, David},
 title = {Precimonious: Tuning Assistant for Floating-point Precision},
 booktitle = {Supercomputing},
 year = {2013},
}

@techreport{expax-tr,
    author = {Esmaeilzadeh, Hadi and Ni, Kangqi and Naik, Mayur},
    title = {Expectation-Oriented Framework for Automating Approximate
        Programming},
    number = {GT-CS-13-07},
    institution = {Georgia Institute of Technology},
    url = {http://hdl.handle.net/1853/49755},
    year = {2013},
}

@inproceedings{z3,
 author = {De Moura, Leonardo and Bj{\o}rner, Nikolaj},
 title = {{Z3}: An Efficient {SMT} Solver},
 booktitle = {TACAS/ETAPS},
 year = {2008},
}

@unpublished{demoura,
title= {({E}xact Global Nonlinear) Optimization on Demand},
author = {Leonardo de Moura and Grant Olney Passmore},
year = {2013},
note= {ADDCT-2013, CADE-24},
URL= {http://www.cl.cam.ac.uk/~gp351/Passmore-Moura-ADDCT-talk-2013.pdf},
}

@inproceedings{flikker,
 author = {Liu, Song and Pattabiraman, Karthik and Moscibroda, Thomas and Zorn, Benjamin G.},
 title = {Flikker: Saving {DRAM} refresh-power through critical data partitioning},
 booktitle = {ASPLOS},
 year = {2011},
} 

@inproceedings{carbin-pldi12,
title = "Reasoning about Relaxed Programs",
author = {Michael Carbin and Deokhwan Kim and Sasa Misailovic and Martin C. Rinard},
booktitle = {PLDI},
year = 2012,
}

@unpublished{fisqrt,
    title = {Fast Inverse Square Root},
    author = {Chris Lomont},
    year = {2003},
    URL = {http://www.lomont.org/Math/Papers/2003/InvSqrt.pdf}}

@inproceedings{stoke-fp,
    author = {Eric Schkufza and Rahul Sharma and Alex Aiken},
    title = {Stochastic Optimization of Floating-Point Programs with Tunable
        Precision},
    booktitle = {PLDI},
    year = {2014},
}

@misc{jsr308,
    Author = {Michael D. Ernst},
    Howpublished = {\url{http://types.cs.washington.edu/jsr308/}},
    HIDE_TO_SAVE_SPACE_Month = {September~12,},
    Title = {{Type Annotations} specification ({JSR} 308)},
    Year = {2008}}

@inproceedings{chisel,
 author = {Misailovic, Sasa and Carbin, Michael and Achour, Sara and Qi, Zichao and Rinard, Martin C.},
 title = {Chisel: Reliability- and Accuracy-aware Optimization of Approximate Computational Kernels},
 booktitle = {OOPSLA},
 year = {2014},
}

@inproceedings{passert,
    author = {Adrian Sampson and Pavel Panchekha and Todd Mytkowicz and
        Kathryn S. McKinley and Dan Grossman and Luis Ceze},
    title = {Expressing and Verifying Probabilistic Assertions},
    booktitle = {PLDI},
    year = {2014},
}

@inproceedings{chlorophyll,
 author = {Phothilimthana, Phitchaya Mangpo and Jelvis, Tikhon and Shah, Rohin and Totla, Nishant and Chasins, Sarah and Bodik, Rastislav},
 title = {Chlorophyll: Synthesis-aided Compiler for Low-power Spatial Architectures},
 booktitle = {PLDI},
 year = {2014},
}

@article{procedurecloning,
 author = {Cooper, Keith D and Hall, Mary W and Kennedy, Ken},
 title = {A Methodology for Procedure Cloning},
 journal = {Comput. Lang.},
 volume = {19},
 number = {2},
 month = apr,
 year = {1993},
 pages = {105--117},
}

@inproceedings{paraprox,
 author = {Samadi, Mehrzad and Jamshidi, Davoud Anoushe and Lee, Janghaeng and Mahlke, Scott},
 title = {Paraprox: Pattern-based Approximation for Data Parallel Applications},
 booktitle = {ASPLOS},
 year = {2014},
}

@inproceedings{energytypes,
 author = {Cohen, Michael and Zhu, Haitao Steve and Senem, Emgin Ezgi and Liu, Yu David},
 title = {Energy Types},
 booktitle = {OOPSLA},
 year = {2012},
}

@INPROCEEDINGS{kim-hpca, 
author={Karpuzcu, U.R. and Akturk, I and Nam Sung Kim}, 
booktitle={HPCA}, 
title={Accordion: Toward soft Near-Threshold Voltage Computing}, 
year={2014}, 
}

@INPROCEEDINGS{uva-adder, 
author={Weber, M. and Putic, M. and Hang Zhang and Lach, J. and Jiawei Huang}, 
booktitle={International Symposium on Circuits and Systems (ISCAS)}, 
title={Balancing Adder for error tolerant applications}, 
year={2013}, 
}

@inproceedings{approxstorage,
    author = {Adrian Sampson and Jacob Nelson and Karin Strauss and Luis
        Ceze},
    title = {Approximate Storage in Solid-State Memories},
    booktitle = {MICRO},
    year = 2013,
}

@INPROCEEDINGS{relax,
  author = {de Kruijf, Marc and Nomura, Shuou and Sankaralingam, Karthikeyan},
  title = {Relax: An architectural framework for software recovery of hardware
    faults},
  booktitle = {ISCA},
  year = {2010},
}

@inproceedings{gradualfp,
    title = {Gradual typing for functional languages},
    author = {Jeremy G. Siek and Walid Taha},
    booktitle = {Workshop on Scheme and Functional Programming},
    year = {2006},
}

@mastersthesis{hizli,
    author = {Caglar Hizli},
    title = {Energy Aware Probabilistic Arithmetics},
    school = {Eindhoven University of Technology},
    year = {2013},
}

@INPROCEEDINGS{kumarhpca,
  author = {Kahng, A.B. and Seokhyeong Kang and Kumar, R. and Sartori, J.},
  title = {Designing a processor from the ground up to allow voltage/reliability
    tradeoffs},
  booktitle = {HPCA},
  year = {2010},
}

@inproceedings{palem-adders,
 author = {Kedem, Zvi M. and Mooney, Vincent J. and Muntimadugu, Kirthi Krishna and Palem, Krishna V.},
 title = {An approach to energy-error tradeoffs in approximate ripple carry adders},
 booktitle = {ISPLED},
 year = {2011},
} 

@techreport{debugging-tr,
    author = {Michael F. Ringenburg and Adrian Sampson and Isaac Ackerman and
        Luis Ceze and Dan Grossman},
    title = {Dynamic Analysis of Aproximate Program Quality},
    number = {UW-CSE-14-03-01},
    institution = {University of Washington},
    url = {ftp://ftp.cs.washington.edu/tr/2014/03/UW-CSE-14-03-01.PDF},
    year = {2014},
}

@inproceedings{approxdebug,
    author = {Michael F. Ringenburg and Adrian Sampson and Isaac Ackerman and
        Luis Ceze and Dan Grossman},
    title = {Monitoring and Debugging the Quality of Results in Approximate Programs},
    booktitle = {ASPLOS},
    year = {2015},
}

@inproceedings{uncertaint,
    title = {{Uncertain{\textless}T{\textgreater}}: A First-Order Type for Uncertain Data},
    author = {James Bornholt and Todd Mytkowicz and Kathryn S. McKinley},
    booktitle = {ASPLOS},
    year = {2014},
}
